% This file was created with JabRef 2.10b2.
% Encoding: UTF-8

@article{Mailhe2020,
author = {Mailh{\'{e}}, Cl{\'{e}}ment and Duquesne, Marie},
doi = {10.1007/s10973-020-09287-6},
file = {:home/alex/Documentos/DEFESA/Papers/Escolha de DSC/A fast and low-cost dynamic calorimetric method for phase diagram estimation of binary systems.pdf:pdf},
isbn = {0123456789},
issn = {15882926},
journal = {Journal of Thermal Analysis and Calorimetry},
keywords = {Fatty organic materials,Infrared thermography,Phase diagram,Phase transitions,Screening},
number = {0123456789},
publisher = {Springer International Publishing},
title = {{A fast and low-cost dynamic calorimetric method for phase diagram estimation of binary systems}},
url = {https://doi.org/10.1007/s10973-020-09287-6},
year = {2020}
}

@mastersthesis{Angelica,
	author = {Dias, Angelica Barbosa},
	school = {Instituto Federal do Paraná},
	keywords = {Energia Livre de Gibbs,Equil{\'{i}}brio S{\'{o}}lido-L{\'{i}}quido,Minimiza{\c{c}}{\~{a}}o Global.},
	title = {S\'{i}ntese de Biodiesel a partir de Blends de \'{O}leo e Avalia\c{c}\~{a}o do Processo Produtivo via An\'{a}lise de Infravermelho com Transfoemada de Fourrier (FT-IR)},
	year = {2020}
}

@article{Hoekman2012,
author = {Hoekman, S. Kent and Broch, Amber and Robbins, Curtis and Ceniceros, Eric and Natarajan, Mani},
doi = {10.1016/j.rser.2011.07.143},
issn = {13640321},
journal = {Renewable and Sustainable Energy Reviews},
keywords = {Biodiesel,Biodiesel composition,Biodiesel properties,Biodiesel specifications,FAME},
number = {1},
pages = {143--169},
publisher = {Elsevier Ltd},
title = {{Review of biodiesel composition, properties, and specifications}},
url = {http://dx.doi.org/10.1016/j.rser.2011.07.143},
volume = {16},
year = {2012}
}


@article{Ramos2017,
author = {Ramos, L. P. and Kothe, V. and C{\'{e}}sar-Oliveira, M. A.F. and Muniz-Wypych, A. S. and Nakagaki, S. and Krieger, N. and Wypych, F. and Cordeiro, C. S.},
doi = {10.21577/1984-6835.20170020},
file = {:home/alex/Documentos/Google Drive Novo/Mestrado em Sustentabilidade/DEFESA/Papers/Biodiesel\: Mat{\'{e}}rias-Primas, Tecnologias de Produ{\c{c}}{\~{a}}o e Propriedades Combust{\'{i}}veis.pdf:pdf},
issn = {19846835},
journal = {Revista Virtual de Quimica},
keywords = {Additives,Biodiesel,Catalysis,Fuel properties,Raw materials},
number = {1},
pages = {317--369},
title = {{Biodiesel: Raw materials, production technologies and fuel properties}},
volume = {9},
year = {2017}
}


@manual{pactoglobal,
	organization={PACTO GLOBAL REDE BRASIL},
	title = {Pacto Global Rede Brasil},
	author = {PACTO and GLOBAL},
	address = {São Paulo},
	url = {https://pactoglobal.org.br},
	year = {2021},
	urlaccessdate={10 Maio 2021},
}

@manual{ONU,
	organization={ORGANIZAÇÃO DAS NAÇÕES UNIDAS},
	author = {ORGANIZAÇÃO DAS NAÇÕES UNIDAS ONU},
	title = {Transformando Nosso Mundo: A Agenda 2030 para o Desenvolvimento Sustentável},
	year = {2021},
	subtitle = {17 Objetivos de Desenvolvimento Sustentável (ODS)},
	address = {São Paulo},
	url = {https://brasil.un.org/pt-br/sdgs},
	urlaccessdate={5 Maio 2021},
}

@book{OPEC2015,
author = {Ban, Jan and Arellano, Jorge León and Alawami, Amal and Aguilera, Roberto F. and Tallett, Martin },
publisher = {Organization of the Petroleum Exporting Countries (OPEC)},
isbn = {9783950393620},
pages = {95},
title = {World Oil Outlook 2016},
year = {2016},
url = {http://www.opec.org.}
}

@article{Aparecida2006,
	author = {Aparecida, Marisa and Regitano, Bismara},
	journal = {Vis{\~{a}}o agr{\'{i}}cola},
	number = {5},
	pages = {140--141},
	title = {{O processamento industrial do {\'{o}}leo vegetal e do farelo}},
	year = {2006},
	month = {Jan--Jun},
	address = {São Paulo}
}

@article{Saluja2016,
author = {Saluja, Rajesh Kumar and Kumar, Vineet and Sham, Radhey},
doi = {10.1016/j.rser.2016.05.001},
issn = {18790690},
journal = {Renewable and Sustainable Energy Reviews},
keywords = {Antioxidants,Biodiesel,Oxidation stability,Stability,Storage stability},
pages = {866--881},
title = {{Stability of biodiesel – A review}},
volume = {62},
year = {2016}
}
@article{Nasir2013,
author = {Nasir, N. F. and Daud, W. R.W. and Kamarudin, S. K. and Yaakob, Z.},
doi = {10.1016/j.rser.2013.01.036},
issn = {13640321},
journal = {Renewable and Sustainable Energy Reviews},
keywords = {Methyl ester,Optimization,Process system engineering,Simulation},
pages = {631--639},
title = {{Process system engineering in biodiesel production: A review}},
volume = {22},
year = {2013}
}

@article{Goulart2019,
author = {Coutinho, P. L. A. and Alij\'{o}, P. H. R. and Goulart, A. K.},
title = {{Intensifica{\c{c}}{\~{a}}o de processos e qu{\'{i}}mica verde: import{\^{a}}ncia para as ind{\'{u}}strias farmac{\^{e}}utica, cosm{\'{e}}ticos, aliment{\'{i}}cia e biorrefinarias}},
doi = {10.17648/2446-4775.2019.704},
issn = {1808-9569},
journal = {Revista Fitos},
number = {1},
pages = {74--93},
volume = {13},
year = {2019}
}
@article{Jakeria2014,
author = {Jakeria, M. R. and Fazal, M. A. and Haseeb, A. S.M.A.},
doi = {10.1016/j.rser.2013.09.024},
issn = {13640321},
journal = {Renewable and Sustainable Energy Reviews},
keywords = {Biodiesel,Degradation,Fuel properties,Stability},
pages = {154--163},
title = {{Influence of different factors on the stability of biodiesel: A review}},
volume = {30},
year = {2014}
}
@article{Fonseca2005,
author = {da Fonseca, Fernanda Perdig{\~{a}}o and Czuy, Daniele Crislei},
journal = {III Simp{\'{o}}sio Nacional de Geografia Agr{\'{a}}ria - II Simp{\'{o}}sio Internacional de Geografia Agr{\'{a}}ria},
pages = {1--7},
title = {{Forma{\c{c}}{\~{a}}o Arenito Caiu{\'{a}}: uso, ocupa{\c{c}}{\~{a}}o do solo e problemas ambientais na regi{\~{a}}o noroeste do Paran{\'{a}}.}},
year = {2005}
}
@article{DeMarco2019,
author = {de Marco, Bianca Aparecida and Rechelo, B{\'{a}}rbara Sa{\'{u}} and T{\'{o}}toli, Eliane Gandolpho and Kogawa, Ana Carolina and Salgado, H{\'{e}}rida Regina Nunes},
doi = {10.1016/j.jsps.2018.07.011},
file = {:home/alex/Downloads/material/Evolution of green chemistry and its multidimensional impacts_ A review.pdf:pdf},
issn = {13190164},
journal = {Saudi Pharmaceutical Journal},
keywords = {Future,Green analytical chemistry,Green chemistry,Multidimensional impacts},
number = {1},
pages = {1--8},
pmid = {30627046},
title = {{Evolution of green chemistry and its multidimensional impacts: A review}},
volume = {27},
year = {2019}
}
@article{Gebremariam2018,
author = {Gebremariam, S. N. and Marchetti, J. M.},
doi = {10.1016/j.enconman.2018.05.002},
file = {:home/alex/Downloads/material/Economics of biodiesel production_ Review.pdf:pdf},
issn = {01968904},
journal = {Energy Conversion and Management},
keywords = {Biodiesel,Economics,Production cost,Profitability,Total investment cost},
number = {April},
pages = {74--84},
title = {{Economics of biodiesel production: Review}},
volume = {168},
year = {2018}
}
@article{Camargos2005,
author = {Camargos, Rodrigo Ribeiro Da Silva},
file = {:home/alex/Downloads/material/disserta__o_de_mestrado___rodrigo_ribeiro.pdf:pdf},
pages = {26--28},
title = {{Avalia{\c{c}}{\~{a}}o da viabilidade de se produzir biodiesel atrav{\'{e}}s da transesterifica{\c{c}}{\~{a}}o de {\'{o}}leo de gr{\~{a}}os de caf{\'{e}} defeituosos}},
year = {2005}
}
@article{Knothe2005,
author = {Knothe, Gerhard},
doi = {10.1016/j.fuproc.2004.11.002},
issn = {03783820},
journal = {Fuel Processing Technology},
keywords = {Biodiesel,Branched fatty esters,Cetane number,Cloud point,Heat of combustion,Ignition delay time,Ignition quality tester,Low-temperature properties,Lubricity,Oxidative stability,Pour point,Straight-chain fatty esters,Viscosity},
number = {10},
pages = {1059--1070},
title = {{Dependence of biodiesel fuel properties on the structure of fatty acid alkyl esters}},
volume = {86},
year = {2005}
}
@article{Atadashi2011,
author = {Atadashi, I. M. and Aroua, M. K. and Aziz, A. Abdul},
doi = {10.1016/j.renene.2010.07.019},
file = {:home/alex/Downloads/material/Biodiesel separation and purification_ A review.pdf:pdf},
issn = {09601481},
journal = {Renewable Energy},
keywords = {Biodiesel,Membrane technology,Purification,Separation,Transesterification},
number = {2},
pages = {437--443},
title = {{Biodiesel separation and purification: A review}},
volume = {36},
year = {2011}
}
@article{Hanna1999,
author = {Hanna, Milford and Fangrui, Ma},
file = {:home/alex/Downloads/material/Biodiesel production.pdf:pdf},
isbn = {1402472633},
journal = {Bioresource Technology},
keywords = {biodiesel,blending,cation,microemulsion,thermal cracking,transesteri},
pages = {1--15},
title = {{Biodiesel production: a review 1}},
volume = {70},
year = {1999}
}


@mastersthesis{Rocha2008,
	author = {Rocha, Stella Alonso},
	school = {Universidade Estadual de Campinas},
	keywords = {Energia Livre de Gibbs,Equil{\'{i}}brio S{\'{o}}lido-L{\'{i}}quido,Minimiza{\c{c}}{\~{a}}o Global.},
	title = {{C{\'{a}}lculo do Equil{\'{i}}brio de Fases S{\'{o}}lido-L{\'{i}}quido em Misturas bin{\'{a}}rias por meio de T{\'{e}}cnicas de Minimiza{\c{c}}{\~{a}}o e An{\'{a}}lise de Convexidade}},
	year = {2008}
}

@phdthesis{ROCHA2011,
	author = {Rocha, Stella Alonso},
	title = {{C{\'{a}}lculo do equil{\'{i}}brio s{\'{o}}lido-l{\'{i}}quido e ajuste de par{\^{a}}metros para modelos termodin{\^{a}}micos em misturas bin{\'{a}}rias e tern{\'{a}}rias de {\'{a}}cidos graxos, seus {\'{e}}steres e triacilglicer{\'{o}}is}},
	type = {Doutorado em Química},
	institution = {Universidade Estadual de Campinas},
	school = {Universidade Estadual de Campinas},
	year = {2011},
	location = {Campinas},
	pages = {249},
}

@article{Douglas1995,
	doi	= {10.1016/0009-2509(95)00010-3},
	title	= {Calculation of solid-liquid equilibrium and crystallization paths for melt crystallization processes},
	author	= {Douglas W. Slaughter; Michael F. Doherty},
	publisher	= {Elsevier Science},
	journal	= {Chemical Engineering Science},
	issnp	= {0009-2509},
	year	= {1995},
	volume	= {50},
	issue	= {11},
	page	= {1679--1694},
}

@book{Edigar2001,
	title =     {Optimization of chemical processes},
	author =    {Thomas F. Edgar, David. M. Himmelblau},
	publisher = {McGraw-Hill},
	isbn =      {0070393591,9780070393592},
	year =      {2001},
	series =    {McGraw-Hill chemical engineering series},
	edition =   {2nd ed},
	volume =    {},
}

@book{tex,
	title =     {More Math Into \LaTeX},
	author =    {Grätzer, George},
	publisher = {Sprimner},
	isbn =      {978-3-319-23796-1},
	year =      {2016},
	address = {Toronto},
	series =    {},
	edition =   {5},
	volume =    {},
}

@manual{latextikz,
	organization={Tantau  {2020}},
	author = {Tantau, Till},
	title = {The TikZ and PGF Packages},
	year = {2020},
	subtitle = {Documentos t\'{e}cnicos e cient\'{i}ficos brasileiros
	compat\'{i}veis com as normas ABNT},
	version = {v3.1.5b},
	pages={1318},
	series={Manuais \LaTeX},
	publisher = {\LaTeX Project Public License},
	address = {Lübeck},
	urlaccessdate={30 Nov. 2020},
}

@manual{latexabntex2,
	organization={Araujo  {2018}},
	author = {Lauro C\'{e}sar Araujo},
	title = {A classe abntex2},
	year = {2018},
	subtitle = {Documentos t\'{e}cnicos e cient\'{i}ficos brasileiros
	compat\'{i}veis com as normas ABNT},
	version = {v-1.9.7},
	pages={45},
	series={Manuais \LaTeX},
	publisher = {\LaTeX-project.org},
	address = {São Paulo},
	url = {http://www.abntex.net.br/},
	urlaccessdate={30 Nov. 2020},
}

@manual{latexchemformula,
	organization={Niederberger  {2020}},
	author = {Clemens Niederberger},
	title = {Chemformula},
	year = {2020},
	subtitle = {Typeset chemical compounds and reactions},
	version = {v4.15i},
	pages={38},
	series={Manuais \LaTeX},
	publisher = {\LaTeX-project.org},
	address = {Herrenberg},
	url = {https://www.ctan.org/pkg/chemformula},
	urlaccessdate={30 Nov. 2020},
}

@book{gams2,
	title =     {Practical Financial Optimization: A Library of GAMS Models},
	author =    {Stavros Zenios, Andrea Consiglio, Soren S. Nielsen(auth.)},
	publisher = {Wiley-Blackwell},
	isbn =      {9781405133715,9781118467183},
	year =      {2009},
	series =    {},
	edition =   {},
	volume =    {},
}

@book{gams1,
	title =     {Continuous Nonlinear Optimization for Engineering Applications in GAMS Technology},
	author =    {Neculai Andrei},
	publisher = {Springer},
	isbn =      {978-3-319-58356-3,978-3-319-58355-6},
	year =      {2017},
	series =    {Springer Optimization and Its Applications},
	edition =   {},
	volume =    {}
}

@book{Luenberger2016,
	title =     {Linear and nonlinear programming},
	author =    {Luenberger, David G. and Ye, Yinyu},
	publisher = {Springer},
	isbn =      {978-3-319-18842-3},
	year =      {2016},
	series =    {International series in operations research e management science volume 228},
	edition =   {4ed.},
	volume =    {},
	url =       {http://www.springer.com/series/6161}
}

@inbook{nist2020,
	address={Gaithersburg},
	booktitle={NIST},
	organization={National Institute of Standards and Tecnology},
	title={NIST Livro de Química na Web SRD 69},
	url={https://webbook.nist.gov/chemistry/},
	urlaccessdate={30 Nov. 2020},
	year = {2020}
}

@article{Maximo2014,
	author = {Maximo, Guilherme J. and Carareto, Nat{\'{a}}lia D.D. and Costa, Mariana C. and dos Santos, Adenilson O. and Cardoso, Lisandro P. and Kr{\"{a}}henb{\"{u}}hl, Maria A. and Meirelles, Antonio J.A.},
	doi = {10.1016/j.fluid.2014.01.004},
	file = {:home/alex/Documentos/DEFESA/Papers/Escolha de DSC/[20] On the solid–liquid equilibrium of binary mixtures of fatty alcohols.pdf:pdf},
	issn = {03783812},
	journal = {Fluid Phase Equilibria},
	keywords = {Differential scanning calorimetry,Fatty systems,Solid-liquid equilibrium,Thermodynamic modeling,X-ray diffraction},
	pages = {88--98},
	publisher = {Elsevier B.V.},
	title = {{On the solid-liquid equilibrium of binary mixtures of fatty alcohols and fatty acids}},
	url = {http://dx.doi.org/10.1016/j.fluid.2014.01.004},
	volume = {366},
	year = {2014}
}

@book{Prausnitz,
	address = {New Jersey},
	title =   {Molecular Thermodynamics of Fluid-Phase Equilibria},
	author = {Prausnitz, J.M. and Lichtenthaler,  R.N. and de Azevedo, E.G.},
	publisher = {PH PTR},
	isbn =      {0139777458,9780139777455},
	year =      {1999},
	series =    {},
	edition =   {3ed},
	volume =    {}}

@book{Edgar2001,
	address = {New York},
	author = {Edgar, Thomas F. and Klein, Michael T. and Glandt, Eduardo D.},
	edition = {2},
	file = {:home/moriya/Documentos/Mestrado em Sustentabilidade/DEFESA/(McGraw-Hill chemical engineering series) Thomas F. Edgar, David. M. Himmelblau - Optimization of chemical processes-McGraw-Hill (2001).pdf:pdf},
	isbn = {0070393591},
	pages = {666},
	publisher = {McGraw-Hill},
	title = {{Optimization of Chemical Processes}},
	year = {2001}
}

@article{Cedro,
	author = {{CEDRO MORAES}, ROSA},
	journal = {Ci{\^{e}}ncia e Educa{\c{c}}{\~{a}}o},
	keywords = {Ensino de matem{\'{a}}tica. Pensamento te{\'{o}}rico. Atividad},
	number = {2},
	pages = {427--445},
	title = {{A Atividade de Ensino e o Desenvolvimento do Pensamento Te{\'{o}}rico em Matem{\'{a}}tica}},
	volume = {16},
	year = {2010}
}
@article{Rocha2009a,
	abstract = {An approach is presented to calculate solid-liquid phase equilibrium for binary mixtures, using expressions for the temperature as a function of the molar fraction. For Margules model the expression gives explicitly the temperature, while for other liquid phase activity models an iterative procedure is required to calculate the temperature. The method is very easy to apply and it can be used for mixtures that have peritectic and eutectic points, or just a eutectic point. The approach was applied to five case studies with binary mixtures of fatty acids and triglycerides. The results were in good agreement with experimental data. {\textcopyright} 2009 Elsevier B.V. All rights reserved.},
	author = {Rocha, Stella A. and Guirardello, Reginaldo},
	doi = {10.1016/j.fluid.2009.03.020},
	file = {:home/moriya/Documentos/Mestrado em Sustentabilidade/DEFESA/Papers/An approach to calculate solid–liquid phase equilibrium:},
	issn = {03783812},
	journal = {Fluid Phase Equilibria},
	keywords = {Convexity analysis,Eutectic point,Gibbs free energy minimization,Kuhn-Tucker conditions,Margules model,Peritectic point,Solid-liquid equilibrium},
	number = {1},
	pages = {12--21},
	title = {{An approach to calculate solid-liquid phase equilibrium for binary mixtures}},
	volume = {281},
	year = {2009}
}

@phdthesis{AnaF,
	address = {Ponta Grossa},
	author = {FERREIRA, Ana Eliza Gon{\c{c}}lves},
	keywords = {Ensino M{\'{e}}dio,Recursos computacionais,Sistemas li neares},
	month = {feb},
	school = {Universidade Estadual de Ponta Grossa},
	title = {{A Import{\^{a}}cia dos sistemas Lineares no Ensino M{\'{e}}dio e a Contribui{\c{c}}{\~{a}}o para a Matem{\'{a}}tica e suas Aplica{\c{c}}{\~{o}}es}},
	year = {2013}
}
@article{fiori,
	author = {FIORI, M G S and SCHOENHALS, M and FOLLADOR, F A C},
	journal = {Engenharia Ambiental: Pesquisa e Tecnolo- gia},
	pages = {178--191},
	title = {{An{\'{a}}lise da evolu{\c{c}}{\~{a}}o tempo-efici{\^{e}}ncia de duas composi{\c{c}}{\~{o}}es de res{\'{i}}duos agroindustriais no processo de compostagem aer{\'{o}}bica}},
	volume = {5},
	year = {2008}
}
@article{Sartori2009,
	abstract = {O objetivo deste trabalho foi realizar uma avalia{\c{c}}{\~{a}}o t{\'{e}}cnico-econ{\^{o}}mica da implanta{\c{c}}{\~{a}}o de unidades de extra{\c{c}}{\~{a}}o de {\'{o}}leos vegetais, buscando a inser{\c{c}}{\~{a}}o da agricultura familiar na cadeia de produ{\c{c}}{\~{a}}o do biodiesel. Foram propostos tr{\^{e}}s modelos de projetos (arranjos) de unidades de extra{\c{c}}{\~{a}}o de {\'{o}}leos vegetais em diferentes tamanhos, utilizando extra{\c{c}}{\~{a}}o por prensagem e extra{\c{c}}{\~{a}}o mista (extra{\c{c}}{\~{a}}o por prensagem e por solvente) e diferentes oleaginosas (mamona e soja). Para a an{\'{a}}lise de escala, utilizaram-se escalas de produ{\c{c}}{\~{a}}o de {\'{o}}leo entre 50 e 60 toneladas por dia, com dados reais de mercado quanto a investimentos, pre{\c{c}}os de insumos de processo, oleaginosas e {\'{o}}leo vegetal. Quanto {\`{a}}s an{\'{a}}lises econ{\^{o}}micas, utilizou-se o software BioSoft, aplicativo de apoio {\`{a}} decis{\~{a}}o, desenvolvido para an{\'{a}}lise de unidades de produ{\c{c}}{\~{a}}o de biodiesel, adaptado {\`{a}} avalia{\c{c}}{\~{a}}o de unidades de extra{\c{c}}{\~{a}}o de {\'{o}}leo vegetal. Como resultado, constatou-se que a unidade de extra{\c{c}}{\~{a}}o qu{\'{i}}mica que produz {\'{o}}leos de mamona e soja apresenta resultados mais satisfat{\'{o}}rios. No entanto, este modelo privilegia um menor retorno social, pois o n{\'{u}}mero de fam{\'{i}}lias envolvidas {\'{e}} menor, visto que, ao usar a soja, ele trabalha com apenas 50{\%} da mat{\'{e}}ria-prima proveniente da agricultura familiar.This study aimed at the technical-economical evaluation of implanting some vegetal-oil extraction units in order to insert the family agriculture into bio-diesel production chain. Three project models (arrangements) for vegetal-oil extraction units at different sizes were proposed, using extraction by pressing and mixed extraction (extracting by either pressing or solvent) and different raw materials (castor-oil and soybean). For the size analysis, the oil production scales between 50/60 tons/day were used with real market data concerning investments, inputs prices of the process, raw materials and vegetal oil. For the economic analyses, the software BioSoft was used. The BioSoft is a program for supporting the decision-making process, which was developed through analyzing units of bio-diesel production, and it was adapted to evaluate units of vegetal oil extraction. It was concluded that the unit of chemical extraction producing castor and soybean oils shows more satisfactory results. However, this model presents less social return because the number of the families involved is lower, once, in using soybean, it operates with only 50{\%} of raw material deriving from family agriculture.},
	author = {Sartori, Marco Ant{\^{o}}nio and Perez, Ronaldo and {da Silva J{\'{u}}nior}, Aziz Galv{\~{a}}o and Machado, S{\'{i}}lvia Regina Sartori and Santos, Manoela Maciel de Souza and Miranda, Carlos Alberto de Castro},
	doi = {10.1590/s0103-20032009000200005},
	journal = {Revista de Economia e Sociologia Rural},
	number = {2},
	pages = {419--434},
	title = {{An{\'{a}}lise de arranjos para extra{\c{c}}{\~{a}}o de {\'{o}}leos vegetais e suprimento de usina de biodiesel}},
	volume = {47},
	year = {2009}
}
@article{Sartori2009,
	abstract = {O objetivo deste trabalho foi realizar uma avalia{\c{c}}{\~{a}}o t{\'{e}}cnico-econ{\^{o}}mica da implanta{\c{c}}{\~{a}}o de unidades de extra{\c{c}}{\~{a}}o de {\'{o}}leos vegetais, buscando a inser{\c{c}}{\~{a}}o da agricultura familiar na cadeia de produ{\c{c}}{\~{a}}o do biodiesel. Foram propostos tr{\^{e}}s modelos de projetos (arranjos) de unidades de extra{\c{c}}{\~{a}}o de {\'{o}}leos vegetais em diferentes tamanhos, utilizando extra{\c{c}}{\~{a}}o por prensagem e extra{\c{c}}{\~{a}}o mista (extra{\c{c}}{\~{a}}o por prensagem e por solvente) e diferentes oleaginosas (mamona e soja). Para a an{\'{a}}lise de escala, utilizaram-se escalas de produ{\c{c}}{\~{a}}o de {\'{o}}leo entre 50 e 60 toneladas por dia, com dados reais de mercado quanto a investimentos, pre{\c{c}}os de insumos de processo, oleaginosas e {\'{o}}leo vegetal. Quanto {\`{a}}s an{\'{a}}lises econ{\^{o}}micas, utilizou-se o software BioSoft, aplicativo de apoio {\`{a}} decis{\~{a}}o, desenvolvido para an{\'{a}}lise de unidades de produ{\c{c}}{\~{a}}o de biodiesel, adaptado {\`{a}} avalia{\c{c}}{\~{a}}o de unidades de extra{\c{c}}{\~{a}}o de {\'{o}}leo vegetal. Como resultado, constatou-se que a unidade de extra{\c{c}}{\~{a}}o qu{\'{i}}mica que produz {\'{o}}leos de mamona e soja apresenta resultados mais satisfat{\'{o}}rios. No entanto, este modelo privilegia um menor retorno social, pois o n{\'{u}}mero de fam{\'{i}}lias envolvidas {\'{e}} menor, visto que, ao usar a soja, ele trabalha com apenas 50{\%} da mat{\'{e}}ria-prima proveniente da agricultura familiar.This study aimed at the technical-economical evaluation of implanting some vegetal-oil extraction units in order to insert the family agriculture into bio-diesel production chain. Three project models (arrangements) for vegetal-oil extraction units at different sizes were proposed, using extraction by pressing and mixed extraction (extracting by either pressing or solvent) and different raw materials (castor-oil and soybean). For the size analysis, the oil production scales between 50/60 tons/day were used with real market data concerning investments, inputs prices of the process, raw materials and vegetal oil. For the economic analyses, the software BioSoft was used. The BioSoft is a program for supporting the decision-making process, which was developed through analyzing units of bio-diesel production, and it was adapted to evaluate units of vegetal oil extraction. It was concluded that the unit of chemical extraction producing castor and soybean oils shows more satisfactory results. However, this model presents less social return because the number of the families involved is lower, once, in using soybean, it operates with only 50{\%} of raw material deriving from family agriculture.},
	author = {Sartori, Marco Ant{\^{o}}nio and Perez, Ronaldo and da {Silva J{\'{u}}nior}, Aziz Galv{\~{a}}o and Machado, S{\'{i}}lvia Regina Sartori and Santos, Manoela Maciel de Souza and Miranda, Carlos Alberto de Castro},
	doi = {10.1590/s0103-20032009000200005},
	file = {:home/moriya/.local/share/data/Mendeley Ltd./Mendeley Desktop/Downloaded/Sartori et al. - 2009 - An{\'{a}}lise de arranjos para extra{\c{c}}{\~{a}}o de {\'{o}}leos vegetais e suprimento de usina de biodiesel.pdf:pdf},
	journal = {Revista de Economia e Sociologia Rural},
	number = {2},
	pages = {419--434},
	title = {{An{\'{a}}lise de arranjos para extra{\c{c}}{\~{a}}o de {\'{o}}leos vegetais e suprimento de usina de biodiesel}},
	volume = {47},
	year = {2009}
}
@book{Burden,
address = {S{\~{a}}o Paulo},
author = {L., BURDEN R},
editor = {Helena, CASTRO},
isbn = {978-85-221-0601-1},
publisher = {Cengage Learning},
title = {{An{\'{a}}lise Num{\'{e}}rica}},
year = {2008}
}

@article{pessatti,
	author = {PESSATTI, M L},
	journal = {Itaja{\'{i}}: Meta},
	pages = {27},
	title = {{Aproveitamento dos subprodutos do pescado}},
	volume = {11},
	year = {2011}
}

@phdthesis{bourscheid,
address = {Pinhalzinho},
author = {BOURSCHEID, C},
school = {Universidade do Estado de Santa Catarina},
title = {{Avalia{\c{c}}{\~{a}}o da influ{\^{e}}ncia da f{\'{e}}cula de mandioca e prote{\'{i}}na texturizada de soja nas caracter{\'{i}}sticas f{\'{i}}sico-qu{\'{i}}micas e sensoriais de hamb{\'{u}}rguer de carne bovina.}},
type = {Trabalho de conclus{\~{a}}o de curso (Gradua{\c{c}}{\~{a}}o em Engenharia de Alimentos)},
year = {2009}
}


@article{Eckert2016,
author = {Eckert, Karl Andreas and Dasgupta, Sunanda and Selge, Benjamin and Ay, Peter},
doi = {10.1016/j.tca.2016.02.008},
file = {:home/alex/Documentos/Google Drive Novo/Mestrado em Sustentabilidade/DEFESA/Papers/Escolha de DSC/Solid liquid phase diagrams of binary fatty acid mixtures—Palmitic_stearic with oleic_linoleic_linolenic acid mixture.pdf:pdf},
issn = {00406031},
journal = {Thermochimica Acta},
keywords = {Binary mixtures,DSC,Phase diagram,Saturated and unsaturated fatty acids,Solid liquid equilibrium},
pages = {50--63},
title = {{Solid liquid phase diagrams of binary fatty acid mixtures - Palmitic/stearic with oleic/linoleic/linolenic acid mixture}},
volume = {630},
year = {2016}
}


@phdthesis{Barbosa2012,
	author = {Barbosa, D. F.},
	file = {:home/moriya/Documentos/Mestrado em Sustentabilidade/DEFESA/disserta{\c{c}}{\~{a}}o:},
	keywords = {termodinâmica química, equilíbrio sólido-líquido, modelos matemáticos},
	pages = {123},
	school = {Escola Polit{\'{e}}cnica da Universidade de S{\~{a}}o Paulo},
	title = {{Modelagem Termodin{\^{a}}mica Do Equil{\'{i}}brio S{\'{o}}lido-L{\'{i}}quido De Misturas Bin{\'{a}}rias De Compostos Graxos Modelagem Termodin{\^{a}}mica Do Equil{\'{i}}brio S{\'{o}}lido-L{\'{i}}quido}},
	year = {2012}
}


@article{Leggieri2018a,
	author = {Leggieri, Patrick A. and Senra, Michael and Soh, Lindsay},
	doi = {10.1016/j.fuel.2018.02.100},
	issn = {00162361},
	journal = {Fuel},
	keywords = {Biodiesel,Cloud point,Cold-flow properties,Crystallization,Fatty acid ethyl ester},
	number = {March},
	pages = {243--249},
	publisher = {Elsevier},
	title = {{Cloud point and crystallization in fatty acid ethyl ester biodiesel mixtures with and without additives}},
	url = {https://doi.org/10.1016/j.fuel.2018.02.100},
	volume = {222},
	year = {2018}
}

@article{RicardoFeltre2004,
	author = {{Ricardo Feltre}, Setsuo Yoshinaga},
	isbn = {8516061159, 9788516061159},
	pages = {670},
	title = {{Colecao de quimica, Volume 1}},
	volume = {1},
	year = {2004}
}
@article{RicardoFeltre2004,
	author = {{Ricardo Feltre}, Setsuo Yoshinaga},
	file = {:home/moriya/Documentos/Mestrado em Sustentabilidade/DEFESA/(Em Portuguese do Brasil) Ricardo Feltre - Qu{\'{i}}mica. Qu{\'{i}}mica Geral. 1{\textordmasculine} Ano. 1-Moderna (2008).pdf:pdf},
	isbn = {8516061159, 9788516061159},
	pages = {670},
	title = {{Colecao de quimica, Volume 1}},
	volume = {1},
	year = {2004}
}
@book{Gil2002,
	abstract = {Como encaminhar uma pesquisa; Como formular um problema de pesquisa; Como construir hip{\'{o}}teses; Como classificar as pesquisas; Como delinear uma pesquisa bibliogr{\'{a}}fica; Como delinear uma pesquisa documental; Como delinear uma pesquisa experimental; Como delinear um ensaio cl{\'{i}}nico; Como delinear um estudo de coorte; Como delinear um estudo caso-controle; Como delinear um levantamento; Como delinear um estudo de caso; Como delinear uma pesquisa etnogr{\'{a}}fica; Como delinear uma pesquisa fenomenol{\'{o}}gica; Como delinear uma pesquisa para desenvolver teoria fundamentada (grounded theory); Como delinear uma pesquisa-a{\c{c}}{\~{a}}o;Como delinear uma pesquisa participante; Como calcular o tempo e o custo do projeto; Como redigir o projeto de pesquisa.},
	address = {S{\~{a}}o Paulo},
	archivePrefix = {arXiv},
	arxivId = {arXiv:1011.1669v3},
	author = {Gil, Antonio Carlos},
	booktitle = {Como Elaborar Projetos de Pesquisa},
	edition = {4},
	editor = {Atlas, Editora},
	eprint = {arXiv:1011.1669v3},
	file = {:home/moriya/.local/share/data/Mendeley Ltd./Mendeley Desktop/Downloaded/Gil - 2002 - Como Elaborar Projetos de Pesquisa.pdf:pdf},
	isbn = {8522431698},
	issn = {85-224-3169-8},
	pages = {173},
	pmid = {19405780},
	publisher = {Editora Atlas},
	title = {{Como Elaborar Projetos de Pesquisa}},
	year = {2002}
}
@book{Gil2002,
	abstract = {Como encaminhar uma pesquisa; Como formular um problema de pesquisa; Como construir hip{\'{o}}teses; Como classificar as pesquisas; Como delinear uma pesquisa bibliogr{\'{a}}fica; Como delinear uma pesquisa documental; Como delinear uma pesquisa experimental; Como delinear um ensaio cl{\'{i}}nico; Como delinear um estudo de coorte; Como delinear um estudo caso-controle; Como delinear um levantamento; Como delinear um estudo de caso; Como delinear uma pesquisa etnogr{\'{a}}fica; Como delinear uma pesquisa fenomenol{\'{o}}gica; Como delinear uma pesquisa para desenvolver teoria fundamentada (grounded theory); Como delinear uma pesquisa-a{\c{c}}{\~{a}}o;Como delinear uma pesquisa participante; Como calcular o tempo e o custo do projeto; Como redigir o projeto de pesquisa.},
	address = {S{\~{a}}o Paulo},
	archivePrefix = {arXiv},
	arxivId = {arXiv:1011.1669v3},
	author = {Gil, Antonio Carlos},
	booktitle = {Como Elaborar Projetos de Pesquisa},
	edition = {4},
	editor = {Atlas, Editora},
	eprint = {arXiv:1011.1669v3},
	isbn = {8522431698},
	issn = {85-224-3169-8},
	pages = {173},
	pmid = {19405780},
	publisher = {Editora Atlas},
	title = {{Como Elaborar Projetos de Pesquisa}},
	year = {2002}
}
@article{Garcia-Hernandez2017,
	abstract = {Flaxseed oil contains an outstanding amount of the essential fatty acid {\$}\alpha{\$}-linolenic acid (18:3n-3), as well as other {\$}\omega{\$}-3 fatty acids, which can provide potential benefits in individuals with cardiovascular diseases. This explains the interest of food industries to improve the efficiency of oil extraction from flaxseed. In this sense, the feasibility of two extraction methods (Soxhlet and ultrasounds) has been evaluated through the determination of the amount of oil obtained from 9 flaxseed trademarks (Linum usitatissimum L.). The Soxhlet method extracted more oil than the ultrasounds, with mean values being 36.9 and 20.0{\%}, respectively. Aside from the extraction method, flaxseed trademark was also an influencing variable. In this context, the highest extraction yield (53{\%}) was detected when the Soxhlet method in combination with petroleum ether were used with trademark 1 (raw golden flaxseed). However, further studies are needed to evaluate the quality and safety of the extracted oils.},
	author = {Garc{\'{i}}a-Hern{\'{a}}ndez, Vanessa Matilde and Hojjati, Mohammad and Carbonell-Barrachina, {\'{A}}ngel Antonio and S{\'{a}}nchez-Soriano, Joaqu{\'{i}}n and Roche, Enrique and Garc{\'{i}}a-Garc{\'{i}}a, Elena},
	doi = {10.15414/jmbfs.2017/18.7.3.332-336},
	journal = {Journal of Microbiology, Biotechnology and Food Sciences},
	keywords = {10,15414,18,2017,3,332-336,7,doi,jmbfs,linum usitatissimum,oil yield,process optimization,seed oil extraction},
	number = {3},
	pages = {332--336},
	title = {{Comparison of Soxhlet and Ultrasound Methods for Oil Extraction From Spanish Flaxseeds}},
	volume = {7},
	year = {2017}
}
@article{Garcia-Hernandez2017,
	abstract = {Flaxseed oil contains an outstanding amount of the essential fatty acid $\alpha$-linolenic acid (18:3n-3), as well as other $\omega$-3 fatty acids, which can provide potential benefits in individuals with cardiovascular diseases. This explains the interest of food industries to improve the efficiency of oil extraction from flaxseed. In this sense, the feasibility of two extraction methods (Soxhlet and ultrasounds) has been evaluated through the determination of the amount of oil obtained from 9 flaxseed trademarks (Linum usitatissimum L.). The Soxhlet method extracted more oil than the ultrasounds, with mean values being 36.9 and 20.0{\%}, respectively. Aside from the extraction method, flaxseed trademark was also an influencing variable. In this context, the highest extraction yield (53{\%}) was detected when the Soxhlet method in combination with petroleum ether were used with trademark 1 (raw golden flaxseed). However, further studies are needed to evaluate the quality and safety of the extracted oils.},
	author = {Garc{\'{i}}a-Hern{\'{a}}ndez, Vanessa Matilde and Hojjati, Mohammad and Carbonell-Barrachina, {\'{A}}ngel Antonio and S{\'{a}}nchez-Soriano, Joaqu{\'{i}}n and Roche, Enrique and Garc{\'{i}}a-Garc{\'{i}}a, Elena},
	doi = {10.15414/jmbfs.2017/18.7.3.332-336},
	file = {:home/moriya/.local/share/data/Mendeley Ltd./Mendeley Desktop/Downloaded/Garc{\'{i}}a-Hern{\'{a}}ndez et al. - 2017 - Comparison of Soxhlet and Ultrasound Methods for Oil Extraction From Spanish Flaxseeds.pdf:pdf},
	journal = {Journal of Microbiology, Biotechnology and Food Sciences},
	keywords = {10,15414,18,2017,3,332-336,7,doi,jmbfs,linum usitatissimum,oil yield,process optimization,seed oil extraction},
	number = {3},
	pages = {332--336},
	title = {{Comparison of Soxhlet and Ultrasound Methods for Oil Extraction From Spanish Flaxseeds}},
	volume = {7},
	year = {2017}
}

@article{Farajnezhad2016,
	abstract = {The activity coefficient models of Wilson, Nonrandom Two Liquid Theory (NRTL) and Universal Quasi-chemical Theory (UNIQUAC) are of the most applied chemical thermodynamic models in phase equilibria calculations and materials behavior prediction and/or correlation. The reliable and accurate evaluation and determination of interaction/adjustable parameters defined in these models, which are necessary for any future applications of models in binary and multicomponent systems, requires the knowledge on experimental data of binary systems. By using such experimental data and regression and fitting of data, in literature, these interaction parameters are obtained for a substantial number of systems. Here, a new theoretical methodology has been developed and examined for estimation of these parameters without the use of experimental data. The presented method equates the activity coefficients calculated by a Compressible Regular Solution Theory (CRS) to those calculated using the three aforementioned models and the interaction parameters are obtained by optimally solving the constructed system of equations. For CRS theory, the application of Sanchez and Lacombe Equation of State (LS-EoS), Constantinou and Gani Group Contribution Method and Hoftyzer and van Krevelen Group Contribution Method was considered while for models of Wilson, NRTL and UNIQUAC, the interaction parameters were searched by implementation of an evolutionary optimization technique. The obtained results are compared to those reported in literature and desirable agreement was found. The method is simple, fast, implementable in computer routines; straightforward and accurate and can be used to estimate these binary interaction parameters for systems of interest. Some phase calculations are also included to demonstrate the applicability of method.},
	author = {Farajnezhad, Arsalan and Afshar, Orang Asef and Khansary, Milad Asgarpour and Shirazian, Saeed and Ghadiri, Mehdi},
	doi = {10.1016/j.fluid.2016.02.041},
	file = {:home/moriya/Documentos/Mestrado em Sustentabilidade/DEFESA/Papers/Correlation of interaction parameters in Wilson, NRTL and UNIQUAC models using theoretical methods.pdf:pdf},
	issn = {03783812},
	journal = {Fluid Phase Equilibria},
	keywords = {Activity coefficient models,Interaction parameters,NRTL,UNIQUAC,Wilson},
	pages = {181--186},
	publisher = {Elsevier Ltd},
	title = {{Correlation of interaction parameters in Wilson, NRTL and UNIQUAC models using theoretical methods}},
	url = {http://dx.doi.org/10.1016/j.fluid.2016.02.041},
	volume = {417},
	year = {2016}
}
@phdthesis{moreira,
	address = {Campinas},
	author = {MOREIRA, R T},
	school = {Universidade Estadual de Campinas},
	title = {{Desenvolvimento de embutido emulsionado de til{\'{a}}pia (Oreochromis niloticus L.) estabilizado com hidrocol{\'{o}}ides.}},
	type = {Tese (Doutorado em Tecnologia de Alimentos)},
	year = {2005}
}
@article{vogel,
	annote = {edi{\c{c}}{\~{a}}o especial},
	author = {VOGEL, C C and PAZUCH, C M and SARMENTO, C M P and BACK, L and SECCO, T H},
	journal = {Revista Ci{\^{e}}ncias Exatas e Naturais, Guarapuava},
	number = {3},
	pages = {305--316},
	title = {{Desenvolvimento de salsicha com teor de s{\'{o}}dio reduzido (sal light)}},
	volume = {13},
	year = {2011}
}
@article{teixeira,
	author = {TEIXEIRA, C E and MANO, S and PARDI, H S and FREITAS, M Q},
	journal = {Revista Brasileira de Ci{\^{e}}ncia Veterin{\'{a}}ria, Niter{\'{o}}i},
	number = {3},
	pages = {135--142},
	title = {{Desenvolvimento de salsicha de carne de frango com baixo teor de gordura.}},
	volume = {11},
	year = {2004}
}
@phdthesis{marchi,
	address = {Vi{\c{c}}osa},
	author = {MARCHI, J F},
	school = {Faculdade de Engenharia de Alimentos, Universidade Federal de Vi{\c{c}}osa},
	title = {{Desenvolvimento e avalia{\c{c}}{\~{a}}o de produtos {\`{a}} base de polpa e surimi produzidos a partir de til{\'{a}}pia Nil{\'{o}}tica, Oreochromis niloticus}},
	type = {Disserta{\c{c}}{\~{a}}o (Mestrado em Ci{\^{e}}ncia e Tecnologia de Alimentos)},
	year = {1997}
}
@article{Biget2015,
	abstract = {{\textcopyright} 2014 Canadian Society for Chemical Engineering. The extended UNIQUAC model has been used for the representation of the thermodynamic behaviour of CO 2  absorption in aqueous amine solutions. Based on available experimental data, an identification methodology has been developed to fit the extended-UNIQUAC model parameters. In the scope of providing a robust methodology, a combination of two successive optimization methods has been chosen: a genetic algorithm and a quasi-Newton method. The first quasi-global method allows to screen the entire search space without a precise initialization, and provides an approximate solution which is then refined by the second local method. The developed multi-step regression strategy has been successfully applied to the H 2 O- monoethanolamine(MEA)-CO 2  system. The model gives a good agreement with the experimental vapour-liquid equilibria for CO 2  partial pressures and total pressures for all MEA concentrations and for a wide range of temperature with an average absolute relative deviation of around 20{\%}. Furthermore, the model predicts accurately literature data on excess enthalpy and bubble point of the system. This identification procedure has been successfully extended on several ternary H 2 O-amine-CO 2  solvent systems such as methyldiethanolamine (MDEA) and 2-amino-2-methyl-1-propanol (AMP). The wide variety of operating configurations and solvent types used and presented in this work proves the robustness and the efficiency of the developed identification method.},
	author = {Biget, Anthony and Neveux, Thibaut and Corriou, Jean Pierre and {Le Moullec}, Yann},
	doi = {10.1002/cjce.22109},
	file = {:home/moriya/Documentos/Mestrado em Sustentabilidade/DEFESA/Papers/Development of a Thermodynamic Identification Tool for CO 2
	Capture by Chemical Absorption.pdf:pdf},
	issn = {1939019X},
	journal = {Canadian Journal of Chemical Engineering},
	keywords = {CO2 solubility,Extended-UNIQUAC,Identification,Liquid-vapour equilibrium,Optimization},
	number = {2},
	pages = {297--303},
	title = {{Development of a thermodynamic identification tool for CO2 capture by chemical absorption}},
	volume = {93},
	year = {2015}
}
@article{Biget2015,
	abstract = {{\textcopyright}2014 Canadian Society for Chemical Engineering. The extended UNIQUAC model has been used for the representation of the thermodynamic behaviour of CO 2 absorption in aqueous amine solutions. Based on available experimental data, an identification methodology has been developed to fit the extended-UNIQUAC model parameters. In the scope of providing a robust methodology, a combination of two successive optimization methods has been chosen: a genetic algorithm and a quasi-Newton method. The first quasi-global method allows to screen the entire search space without a precise initialization, and provides an approximate solution which is then refined by the second local method. The developed multi-step regression strategy has been successfully applied to the H 2 O- monoethanolamine(MEA)-CO 2 system. The model gives a good agreement with the experimental vapour-liquid equilibria for CO 2 partial pressures and total pressures for all MEA concentrations and for a wide range of temperature with an average absolute relative deviation of around 20{\%}. Furthermore, the model predicts accurately literature data on excess enthalpy and bubble point of the system. This identification procedure has been successfully extended on several ternary H 2 O-amine-CO 2 solvent systems such as methyldiethanolamine (MDEA) and 2-amino-2-methyl-1-propanol (AMP). The wide variety of operating configurations and solvent types used and presented in this work proves the robustness and the efficiency of the developed identification method.},
	author = {Biget, Anthony and Neveux, Thibaut and Corriou, Jean Pierre and {Le Moullec}, Yann},
	doi = {10.1002/cjce.22109},
	issn = {1939019X},
	journal = {Canadian Journal of Chemical Engineering},
	keywords = {CO2 solubility,Extended-UNIQUAC,Identification,Liquid-vapour equilibrium,Optimization},
	number = {2},
	pages = {297--303},
	title = {{Development of a thermodynamic identification tool for CO2 capture by chemical absorption}},
	volume = {93},
	year = {2015}
}
@article{Biget2015,
	abstract = {{\textcopyright} 2014 Canadian Society for Chemical Engineering. The extended UNIQUAC model has been used for the representation of the thermodynamic behaviour of CO 2  absorption in aqueous amine solutions. Based on available experimental data, an identification methodology has been developed to fit the extended-UNIQUAC model parameters. In the scope of providing a robust methodology, a combination of two successive optimization methods has been chosen: a genetic algorithm and a quasi-Newton method. The first quasi-global method allows to screen the entire search space without a precise initialization, and provides an approximate solution which is then refined by the second local method. The developed multi-step regression strategy has been successfully applied to the H 2 O- monoethanolamine(MEA)-CO 2  system. The model gives a good agreement with the experimental vapour-liquid equilibria for CO 2  partial pressures and total pressures for all MEA concentrations and for a wide range of temperature with an average absolute relative deviation of around 20{\%}. Furthermore, the model predicts accurately literature data on excess enthalpy and bubble point of the system. This identification procedure has been successfully extended on several ternary H 2 O-amine-CO 2  solvent systems such as methyldiethanolamine (MDEA) and 2-amino-2-methyl-1-propanol (AMP). The wide variety of operating configurations and solvent types used and presented in this work proves the robustness and the efficiency of the developed identification method.},
	author = {Biget, Anthony and Neveux, Thibaut and Corriou, Jean Pierre and {Le Moullec}, Yann},
	doi = {10.1002/cjce.22109},
	file = {:home/moriya/Documentos/Mestrado em Sustentabilidade/DEFESA/Papers/Development of a Thermodynamic Identification Tool for CO2.pdf:pdf},
	issn = {1939019X},
	journal = {Canadian Journal of Chemical Engineering},
	keywords = {CO2 solubility,Extended-UNIQUAC,Identification,Liquid-vapour equilibrium,Optimization},
	number = {2},
	pages = {297--303},
	title = {{Development of a thermodynamic identification tool for CO2 capture by chemical absorption}},
	volume = {93},
	year = {2015}
}
@article{Deiters2016,
	abstract = {The thermodynamic conditions for isothermal or isobaric two-phase boundaries of fluid mixtures are expressed as sets of first-order ordinary differential equations. In contrast to the Gibbs–Konovalov equations, the new equations use molar densities instead of mole fractions. The resulting formalism is applicable to multicomponent mixtures, well-suited for machine calculations, and allows a very rapid calculation of phase diagrams.},
	author = {Deiters, Ulrich K},
	doi = {10.1016/j.fluid.2016.04.014},
	issn = {03783812},
	journal = {Fluid Phase Equilibria},
	keywords = {Algorithm,Fluid phase equilibria,Gibbs–Konovalov equations,Multicomponent mixtures},
	pages = {164--173},
	publisher = {Elsevier Ltd},
	title = {{Differential equations for the calculation of fluid phase equilibria}},
	url = {http://dx.doi.org/10.1016/j.fluid.2016.04.014},
	volume = {428},
	year = {2016}
}
@article{Soares2015,
	abstract = {Currently, benznidazole (BNZ) is a unique therapeutic alternative available in Brazil to treat Chagas disease. Despite its traditional medical use, little is known about the chemical nature of this drug. A detailed study of the physicochemical properties of BNZ was performed using multiple assays. Thermal, diffractometric, morphological and reological drug profiles were obtained. The partition coefficient and solubility results allowed this drug to be classified as a class IV drug according to the biopharmaceutical classification system. This information will be useful for the development of more effective BNZ formulations and for establishing the quality profile of BNZ.},
	author = {Soares, Vit{\'{o}}ria R B and Rocha, F{\'{a}}bio R P and Reis, Boaventura F and Teixeira, Leonardo S G},
	doi = {http://dx.doi.org/10.5935/0100-4042.20150090},
	journal = {Quimica Nova},
	keywords = {Benznidazole,Biopharmaceutical classification,Preformulation},
	number = {7},
	pages = {992--994},
	title = {{Dispositivo para extra{\c{c}}{\~{a}}o l{\'{i}}quido-qu{\'{i}}mico em sistema de an{\'{a}}lise em fluxo}},
	volume = {38},
	year = {2015}
}
@article{Soares2015,
	abstract = {Currently, benznidazole (BNZ) is a unique therapeutic alternative available in Brazil to treat Chagas disease. Despite its traditional medical use, little is known about the chemical nature of this drug. A detailed study of the physicochemical properties of BNZ was performed using multiple assays. Thermal, diffractometric, morphological and reological drug profiles were obtained. The partition coefficient and solubility results allowed this drug to be classified as a class IV drug according to the biopharmaceutical classification system. This information will be useful for the development of more effective BNZ formulations and for establishing the quality profile of BNZ.},
	author = {Soares, Vit{\'{o}}ria R. B. and Rocha, F{\'{a}}bio R. P. and Reis, Boaventura F. and Teixeira, Leonardo S. G.},
	doi = {http://dx.doi.org/10.5935/0100-4042.20150090},
	file = {:home/moriya/.local/share/data/Mendeley Ltd./Mendeley Desktop/Downloaded/Soares et al. - 2015 - Dispositivo para extra{\c{c}}{\~{a}}o l{\'{i}}quido-qu{\'{i}}mico em sistema de an{\'{a}}lise em fluxo.pdf:pdf},
	journal = {Quimica Nova},
	keywords = {Benznidazole,Biopharmaceutical classification,Preformulation},
	number = {7},
	pages = {992--994},
	title = {{Dispositivo para extra{\c{c}}{\~{a}}o l{\'{i}}quido-qu{\'{i}}mico em sistema de an{\'{a}}lise em fluxo}},
	volume = {38},
	year = {2015}
}
@article{fao,
	author = {Organization, FAO/WHO.Food Agriculture Organization/World Health},
	journal = {Rome: Codex Alimentarius Commission on fish and fishery products},
	pages = {47--57},
	title = {{Draft revised standard for quick frozen blocks of fish fillets, minced fish flesh and mixture of fillet and minced fish flesh}},
	year = {1994}
}
@article{Yaws2014,
	author = {Yaws, Carl L.},
	doi = {10.1016/B978-0-323-28659-6.00011-2},
	isbn = {9780323286596},
	journal = {Thermophysical Properties of Chemicals and Hydrocarbons},
	pages = {637--675},
	title = {Enthalpy of Fusion – Organic Compounds},
	url = {https://linkinghub.elsevier.com/retrieve/pii/B9780323286596000112},
	year = {2014}
}
@book{Yaws2014b,
	address = {Waltham},
	author = {Yaws, Carl L.},
	booktitle = {Elsevier Inc},
	doi = {10.1016/B978-0-323-28659-6/00024-0},
	edition = {2},
	isbn = {978-0-323-28659-6},
	keywords = {Yaws},
	pages = {999},
	publisher = {Elsevie},
	title = {Thermophysical Properties of Chemicals and Hydrocarbons},
	year = {2014}
}
@book{Yaws2014a,
	address = {Waltham},
	author = {Carl L Yaws},
	booktitle = {Elsevier Inc},
	isbn = {978-0-323-28659-6},
	doi = {10.1016/B978-0-323-28659-6/00024-0},
	edition = {2},
	editor = {Yaws, Carl L.},
	file = {:home/alex/.local/share/data/Mendeley Ltd./Mendeley Desktop/Downloaded/Yaws et al. - 2014 - Thermophysical Properties of Chemicals and Hydrocarbons.pdf:pdf},
	keywords = {Yaws},
	pages = {999},
	publisher = {Elsevier Science, Gulf Professional Publishin},
	title = {Thermophysical Properties of Chemicals and Hydrocarbons},
	year = {2014}
}

@article{Mezzenga2007,
	abstract = {The physics ruling the macroscopic behaviour of foods is discussed in a few selected examples in which the equilibrium/non-equilibrium nature can be directly related to the typical length scale of the food structure and the specific interaction strength, the latter describing the decrease in specific free energy (e.g., per mole of species or per single event) when going from a non-equilibrium to the equilibrium configuration. Liquid-crystalline phases in foods, such as those based on self-assembled lipids and water, are discussed as an example of equilibrium system, in which low correlation length scales (∼nm) enable very-short times to re-organize molecules into equilibrium configurations. High internal phase emulsions and dry foams where length scales are very large (∼101-104 $\mu$m), are discussed as a typical example of non-equilibrium system, which however, can be stable for long times owing to the high free energy barrier and the large correlation lengths. Finally double emulsion systems are considered as an example where both interaction strength and correlation lengths have intermediate values. This allows tuning morphologies and making equilibrium behaviour to prevail over non-equilibrium by suitably tailoring the energetic interactions. In particular the case of osmotic pressure in the water phase of water/oil/water double emulsions is discussed as a viable route to control interaction strength in complex food systems. {\textcopyright} 2006 Elsevier Ltd. All rights reserved.},
	author = {Mezzenga, Raffaele},
	doi = {10.1016/j.foodhyd.2006.08.019},
	issn = {0268005X},
	journal = {Food Hydrocolloids},
	keywords = {Double emulsions,Emulsions,Gels,High internal phase emulsions (HIPE),Interfaces,Liquid crystals,Mesophases,Protein networks,Self-assembly},
	number = {5-6},
	pages = {674--682},
	title = {{Equilibrium and non-equilibrium structures in complex food systems}},
	volume = {21},
	year = {2007}
}
@article{Busato2014,
	abstract = {{\'{O}}leos essenciais s{\~{a}}o compostos qu{\'{i}}micos vol{\'{a}}teis, caracter{\'{i}}sticos por sua fragr{\^{a}}ncia e frequentes atividades antimicrobianas e antioxidantes. S{\~{a}}o extra{\'{i}}dos dos tricomas de plantas arom{\'{a}}ticas por meio do processo de destila{\c{c}}{\~{a}}o, seja ela utilizando apenas vapor (destila{\c{c}}{\~{a}}o por arraste a vapor), {\'{a}}gua e vapor ou somente {\'{a}}gua (hidrodestila{\c{c}}{\~{a}}o); ou ainda atrav{\'{e}}s do processamento mec{\^{a}}nico dos pericarpos de frutos c{\'{i}}tricos, extra{\c{c}}{\~{a}}o com solventes org{\^{a}}nicos ou com fluido supercr{\'{i}}tico, por exemplo. Em ambos os casos, a modelagem matem{\'{a}}tica {\'{e}} relevante: na destila{\c{c}}{\~{a}}o a vapor, com o objetivo de projetar plantas industriais com boas condi{\c{c}}{\~{o}}es operacionais; na hidrodestila{\c{c}}{\~{a}}o, normalmente em escala laboratorial, com o objetivo de se obter uma melhor descri{\c{c}}{\~{a}}o do comportamento da extra{\c{c}}{\~{a}}o e uma maior precis{\~{a}}o na obten{\c{c}}{\~{a}}o dos dados experimentais. Neste trabalho, s{\~{a}}o apresentados, analisados e discutidos quatro modelos do processo de extra{\c{c}}{\~{a}}o.Essential oils are volatile chemical compounds, characteristic for their fragrance and common antimicrobial and antioxidant activities. These oils are extracted from trichomes of the aromatic plants by distillation process, either using only steam (steam distillation), water and steam or only water (hydrodistillation); or also by mechanical processing of citrus fruit pericarp, extraction with organic solvents or supercritical fluid, for example. In both cases the mathematical modeling is relevant: in the steam distillation in order to design industrial plants with determination optmized operating conditions; in the hydrodistillation, normally used in laboratory scale, in order to obtain a better description of the extraction behavior and a greater accuracy in experimental data determination. In this research four extraction process models from literature are presented, analyzed and discussed.},
	author = {Busato, Nath{\'{a}}lia Vi{\'{e}}gas and Silveira, Jeniffer Cristina and da Costa, Andr{\'{e}}a Oliveira Souza and {da Costa Junior}, Esly Ferreira},
	doi = {10.1590/0103-8478cr20121330},
	journal = {Ci{\^{e}}ncia Rural},
	keywords = {essential oils,intraparticle diffusion,phase equilibria},
	number = {9},
	pages = {1574--1582},
	title = {{Estrat{\'{e}}gias de modelagem da extra{\c{c}}{\~{a}}o de {\'{o}}leos essenciais por hidrodestila{\c{c}}{\~{a}}o e destila{\c{c}}{\~{a}}o a vapor}},
	volume = {44},
	year = {2014}
}
@article{Busato2014,
	abstract = {{\'{O}}leos essenciais s{\~{a}}o compostos qu{\'{i}}micos vol{\'{a}}teis, caracter{\'{i}}sticos por sua fragr{\^{a}}ncia e frequentes atividades antimicrobianas e antioxidantes. S{\~{a}}o extra{\'{i}}dos dos tricomas de plantas arom{\'{a}}ticas por meio do processo de destila{\c{c}}{\~{a}}o, seja ela utilizando apenas vapor (destila{\c{c}}{\~{a}}o por arraste a vapor), {\'{a}}gua e vapor ou somente {\'{a}}gua (hidrodestila{\c{c}}{\~{a}}o); ou ainda atrav{\'{e}}s do processamento mec{\^{a}}nico dos pericarpos de frutos c{\'{i}}tricos, extra{\c{c}}{\~{a}}o com solventes org{\^{a}}nicos ou com fluido supercr{\'{i}}tico, por exemplo. Em ambos os casos, a modelagem matem{\'{a}}tica {\'{e}} relevante: na destila{\c{c}}{\~{a}}o a vapor, com o objetivo de projetar plantas industriais com boas condi{\c{c}}{\~{o}}es operacionais; na hidrodestila{\c{c}}{\~{a}}o, normalmente em escala laboratorial, com o objetivo de se obter uma melhor descri{\c{c}}{\~{a}}o do comportamento da extra{\c{c}}{\~{a}}o e uma maior precis{\~{a}}o na obten{\c{c}}{\~{a}}o dos dados experimentais. Neste trabalho, s{\~{a}}o apresentados, analisados e discutidos quatro modelos do processo de extra{\c{c}}{\~{a}}o.Essential oils are volatile chemical compounds, characteristic for their fragrance and common antimicrobial and antioxidant activities. These oils are extracted from trichomes of the aromatic plants by distillation process, either using only steam (steam distillation), water and steam or only water (hydrodistillation); or also by mechanical processing of citrus fruit pericarp, extraction with organic solvents or supercritical fluid, for example. In both cases the mathematical modeling is relevant: in the steam distillation in order to design industrial plants with determination optmized operating conditions; in the hydrodistillation, normally used in laboratory scale, in order to obtain a better description of the extraction behavior and a greater accuracy in experimental data determination. In this research four extraction process models from literature are presented, analyzed and discussed.},
	author = {Busato, Nath{\'{a}}lia Vi{\'{e}}gas and Silveira, Jeniffer Cristina and da Costa, Andr{\'{e}}a Oliveira Souza and da {Costa Junior}, Esly Ferreira},
	doi = {10.1590/0103-8478cr20121330},
	file = {:home/moriya/.local/share/data/Mendeley Ltd./Mendeley Desktop/Downloaded/Busato et al. - 2014 - Estrat{\'{e}}gias de modelagem da extra{\c{c}}{\~{a}}o de {\'{o}}leos essenciais por hidrodestila{\c{c}}{\~{a}}o e destila{\c{c}}{\~{a}}o a vapor.pdf:pdf},
	journal = {Ci{\^{e}}ncia Rural},
	keywords = {essential oils,intraparticle diffusion,phase equilibria},
	number = {9},
	pages = {1574--1582},
	title = {{Estrat{\'{e}}gias de modelagem da extra{\c{c}}{\~{a}}o de {\'{o}}leos essenciais por hidrodestila{\c{c}}{\~{a}}o e destila{\c{c}}{\~{a}}o a vapor}},
	volume = {44},
	year = {2014}
}
@article{GAMMIERO2013,
	abstract = {Objective: To verify the presence of $\delta$F508 mutation in the cystic fibrosis transmembrane conductance regulator gene among patients with cystic fibrosis diagnosed by the sweat test for sodium and chlorine and followed at the Pediatric Pneumology Outpatient Clinic of Universidade Estadual de Campinas, Brazil, a referral center for the treatment of cystic fibrosis. Methods: The study analyzed 167 DNA samples from cystic fibrosis patients. Patients' genotype was determined by polymerase chain reaction, and allele and genotype frequencies of $\delta$F508 mutation were calculated. Results: The genotype frequencies found for -/-, $\delta$F508/-, and $\delta$F508/$\delta$F508 genotypes were respectively: 43.7{\%} (73 patients), 32.9{\%} (55 patients), and 23.4{\%} (39 patients). Of the 334 alleles analyzed, we observed a frequency of 201 (60.18{\%}) alleles for the absence of $\delta$F508 mutation and of 133 (39.82{\%}) for the presence of $\delta$F508 mutation. Hardy-Weinberg equilibrium was calculated, obtaining a chi-square value = 16.34 (p ≤ 0.001). The study population was out of equilibrium. The expected values for -/-, $\delta$F508/-, and $\delta$F508/$\delta$F508 genotypes were respectively: 32.22{\%} (60.48 patients), 47.93{\%} (80.04 patients), and 15.86{\%} (26.48 patients). Conclusions: In the analyzed population, $\delta$F508 mutation was less prevalent than the allele without this mutation. The frequency observed in this study was similar to that from other areas in Brazil and in the world, mainly due to the predominantly Caucasian origin of the population included in the study. Copyright {\textcopyright} 2012 by Sociedade Brasileira de Pediatria.},
	author = {GAMMIERO, Alexis},
	doi = {10.2223/jped.2225},
	file = {:home/moriya/.local/share/data/Mendeley Ltd./Mendeley Desktop/Downloaded/Bieger, Marson, Bertuzzo - 2012 - Prevalence of {\&}{\#}916F508 mutation in the cystic fibrosis transmembrane conductance regulator gene among.pdf:pdf;:home/moriya/.local/share/data/Mendeley Ltd./Mendeley Desktop/Downloaded/El, Equilibrio, Ecuaciones - 2013 - Evaluation of Several Successive Substitution Algorithm for Gas-.pdf:pdf},
	issn = {0021-7557},
	journal = {Jornal de Pediatria},
	keywords = {constantes,c{\'{a}}lculo flash,de equilibrio,ecuaciones de estado,equilibrio l{\'{i}}quido-vapor,evaluation of several successive,leibovici,liquid equilibrium with equations,of state,rachford-rice,substitution algorithm for gas-,sucesivas sustituciones},
	number = {6},
	pages = {101--116},
	title = {{EVALUACI{\'{O}}N DE DIFERENTES ALGORITMOS DE SUSTITUCIONES SUCESIVAS PARA EL C{\'{A}}LCULO DE EQUILIBRIO L{\'{I}}QUIDO-VAPOR CON ECUACIONES DE ESTADO}},
	volume = {28},
	year = {2013}
}
@article{GAMMIERO2013,
	abstract = {Objective: To verify the presence of {\$}\delta{\$}F508 mutation in the cystic fibrosis transmembrane conductance regulator gene among patients with cystic fibrosis diagnosed by the sweat test for sodium and chlorine and followed at the Pediatric Pneumology Outpatient Clinic of Universidade Estadual de Campinas, Brazil, a referral center for the treatment of cystic fibrosis. Methods: The study analyzed 167 DNA samples from cystic fibrosis patients. Patients' genotype was determined by polymerase chain reaction, and allele and genotype frequencies of {\$}\delta{\$}F508 mutation were calculated. Results: The genotype frequencies found for -/-, {\$}\delta{\$}F508/-, and {\$}\delta{\$}F508/{\$}\delta{\$}F508 genotypes were respectively: 43.7{\%} (73 patients), 32.9{\%} (55 patients), and 23.4{\%} (39 patients). Of the 334 alleles analyzed, we observed a frequency of 201 (60.18{\%}) alleles for the absence of {\$}\delta{\$}F508 mutation and of 133 (39.82{\%}) for the presence of {\$}\delta{\$}F508 mutation. Hardy-Weinberg equilibrium was calculated, obtaining a chi-square value = 16.34 (p ≤ 0.001). The study population was out of equilibrium. The expected values for -/-, {\$}\delta{\$}F508/-, and {\$}\delta{\$}F508/{\$}\delta{\$}F508 genotypes were respectively: 32.22{\%} (60.48 patients), 47.93{\%} (80.04 patients), and 15.86{\%} (26.48 patients). Conclusions: In the analyzed population, {\$}\delta{\$}F508 mutation was less prevalent than the allele without this mutation. The frequency observed in this study was similar to that from other areas in Brazil and in the world, mainly due to the predominantly Caucasian origin of the population included in the study. Copyright {\textcopyright}2012 by Sociedade Brasileira de Pediatria.},
	author = {GAMMIERO, Alexis},
	doi = {10.2223/jped.2225},
	issn = {0021-7557},
	journal = {Jornal de Pediatria},
	keywords = {constantes,c{\'{a}}lculo flash,de equilibrio,ecuaciones de estado,equilibrio l{\'{i}}quido-vapor,evaluation of several successive,leibovici,liquid equilibrium with equations,of state,rachford-rice,substitution algorithm for gas-,sucesivas sustituciones},
	number = {6},
	pages = {101--116},
	title = {{EVALUACI{\'{O}}N DE DIFERENTES ALGORITMOS DE SUSTITUCIONES SUCESIVAS PARA EL C{\'{A}}LCULO DE EQUILIBRIO L{\'{I}}QUIDO-VAPOR CON ECUACIONES DE ESTADO}},
	volume = {28},
	year = {2013}
}


@article{Muller2019,
	abstract = {The new predictive electrolyte model COSMO-RS-ES is evaluated and refined for the calculation of solubilities of salts in mixed solvent systems. It is demonstrated that the model is capable of predicting solid-liquid equilibria at 25 °C for ammonium and alkali metal salts quite accurately in a wide variety of solvent mixtures. Furthermore, through the introduction of Gibbs free energies of transfer of single ions it is shown that the model performance can be improved even further. This new data type also allows for an ion-specific way of evaluating the model for the first time. For some systems when calculating the solubility, larger deviations are observed, but for the vast majority of systems the model delivers good predictions. This shows that COSMO-RS-ES is a valuable tool for calculation of phase equilibria in electrolyte systems especially when the scarcity of data impede the application of models that require a higher number of parameters.},
	author = {M{\"{u}}ller, Simon and {Gonz{\'{a}}lez de Castilla}, Andr{\'{e}}s and Taeschler, Christoph and Klein, Andreas and Smirnova, Irina},
	doi = {10.1016/j.fluid.2018.10.023},
	issn = {03783812},
	journal = {Fluid Phase Equilibria},
	keywords = {COSMO-RS,COSMO-RS-ES,Electrolyte systems,Phase equilibria modelling,Solid-liquid equilibria},
	pages = {165--174},
	title = {{Evaluation and refinement of the novel predictive electrolyte model COSMO-RS-ES based on solid-liquid equilibria of salts and Gibbs free energies of transfer of ions}},
	volume = {483},
	year = {2019}
}
@article{Rangaiah2001,
	abstract = {Phase equilibrium calculations require global minimization of free energy, and phase stability analysis too often involves global minimization of tangent plane distance function (TPDF). In this study, two stochastic global optimization techniques, namely, genetic algorithm (GA) and simulated annealing (SA) are evaluated and compared for phase equilibrium and stability problems. Typical examples and different thermodynamic models are considered. The results show that GA is generally more efficient and reliable than SA for phase equilibrium calculations. Both GA and SA exhibited poor reliability for locating the global minimum of free energy function for some complex phase equilibrium systems. For these problems, a hybrid GA incorporating SA for individual learning, is proposed and its improved capability is shown. The results on phase stability problems show that GA is able to locate the global minimum of TPDF with 100{\%} reliability in all the examples tried. It is also found to be very efficient compared to other global techniques reported in the literature. Copyright {\textcopyright} 2001 Elsevier Science B.V.},
	author = {Rangaiah, Gade Pandu},
	doi = {10.1016/S0378-3812(01)00528-3},
	issn = {03783812},
	journal = {Fluid Phase Equilibria},
	keywords = {Free energy minimization,Liquid-liquid equilibria,Phase equilibrium calculations,Phase stability analysis,Tangent plane criterion,Vapor-liquid equilibria},
	pages = {83--109},
	title = {{Evaluation of genetic algorithms and simulated annealing for phase equilibrium and stability problems}},
	volume = {187-188},
	year = {2001}
}
@book{Castellan,
	author = {Castellan, Gilbert},
	isbn = {978-85-216-0489-1},
	title = {{Fundamentos de F{\'{i}}sco-Quimica}}
}
@book{Castellan2007,
	address = {Rio de Janeiro},
	author = {Castellan, Gilbert and {Dos Santos}, Cristina Maria Pereira and Faria, Roberto Barros},
	file = {:home/moriya/.local/share/data/Mendeley Ltd./Mendeley Desktop/Downloaded/Castellan, Dos Santos, Faria - 2007 - Fundamentos de fisico-quimica.pdf:pdf},
	isbn = {978-85-216-0484-1},
	pages = {521},
	publisher = {Livros Tecnicos e Cientificos},
	title = {{Fundamentos de fisico-quimica}},
	year = {2007}
}
@book{Castellan2007,
	address = {Rio de Janeiro},
	author = {Castellan, Gilbert and {Dos Santos}, Cristina Maria Pereira and Faria, Roberto Barros},
	isbn = {978-85-216-0484-1},
	pages = {521},
	publisher = {Livros Tecnicos e Cientificos},
	title = {{Fundamentos de fisico-quimica}},
	year = {2007}
}
@book{Iezzi2004,
	abstract = {Esta obra se prop{\~{o}}e a abordar a introdu{\c{c}}{\~{a}}o ao conceito e os estudos das fun{\c{c}}{\~{o}}es polinomias de 1{\textordmasculine}e 2{\textordmasculine}graus. Os cap{\'{i}}tulos iniciais (I a IV) s{\~{a}}o preparat{\'{o}}rios para a fun{\c{c}}{\~{a}}o da Matem{\'{a}}tica no ensino m{\'{e}}dio. O cap{\'{i}}tulo final {\'{e}} importante para a continua{\c{c}}{\~{a}}o do estudo de fun{\c{c}}{\~{a}}o inversa. Pode-se aproveitar o desenvolviemento de cada cap{\'{i}}tulo para revisar c{\'{a}}lculo alg{\'{e}}brico, principalmente em equa{\c{c}}{\~{o}}es e inequa{\c{c}}{\~{o}}es.},
	address = {S{\~{a}}o Paulo},
	author = {Iezzi, Gelson and Murakami, Carlos},
	booktitle = {Fun{\c{c}}{\~{o}}es-8{\textordfeminine}Ed., S{\~{a}}o Paulo: Atual},
	edition = {3{\$}{\^{}}a{\$} Edi{\c{c}}},
	pages = {164},
	publisher = {Atual Editora},
	title = {{Fundamentos de matem{\'{a}}tica elementar 1: Conjuntos e Fun{\c{c}}{\~{o}}es}},
	url = {http://scholar.google.com/scholar?hl=en{\&}btnG=Search{\&}q=intitle:Fundamentos+de+Matem{\'{a}}tica+Elementar+1:+Conjuntos+e+Fun{\c{c}}{\~{o}}es{\#}0},
	year = {2004}
}
@book{Iezzi2004,
	abstract = {Esta obra se prop{\~{o}}e a abordar a introdu{\c{c}}{\~{a}}o ao conceito e os estudos das fun{\c{c}}{\~{o}}es polinomias de 1{\textordmasculine} e 2{\textordmasculine} graus. Os cap{\'{i}}tulos iniciais (I a IV) s{\~{a}}o preparat{\'{o}}rios para a fun{\c{c}}{\~{a}}o da Matem{\'{a}}tica no ensino m{\'{e}}dio. O cap{\'{i}}tulo final {\'{e}} importante para a continua{\c{c}}{\~{a}}o do estudo de fun{\c{c}}{\~{a}}o inversa. Pode-se aproveitar o desenvolviemento de cada cap{\'{i}}tulo para revisar c{\'{a}}lculo alg{\'{e}}brico, principalmente em equa{\c{c}}{\~{o}}es e inequa{\c{c}}{\~{o}}es.},
	address = {S{\~{a}}o Paulo},
	author = {Iezzi, Gelson and Murakami, Carlos},
	booktitle = {Fun{\c{c}}{\~{o}}es-8{\textordfeminine} Ed., S{\~{a}}o Paulo: Atual},
	edition = {3{\$}{\^{}}a{\$} Edi{\c{c}}},
	file = {:home/moriya/.local/share/data/Mendeley Ltd./Mendeley Desktop/Downloaded/Iezzi, Murakami - 2004 - Fundamentos de matem{\'{a}}tica elementar 1 Conjuntos e Fun{\c{c}}{\~{o}}es.pdf:pdf},
	pages = {164},
	publisher = {Atual Editora},
	title = {{Fundamentos de matem{\'{a}}tica elementar 1: Conjuntos e Fun{\c{c}}{\~{o}}es}},
	url = {http://scholar.google.com/scholar?hl=en{\&}btnG=Search{\&}q=intitle:Fundamentos+de+Matem{\'{a}}tica+Elementar+1:+Conjuntos+e+Fun{\c{c}}{\~{o}}es{\#}0},
	year = {2004}
}
@book{Iezzi_fund5,
	address = {S{\~{a}}o Paulo},
	author = {IEZZI, Gelson},
	edition = {2},
	publisher = {Atual Editora},
	title = {{Fundamentos de Matem{\'{a}}tica Elementar, Combinat{\'{o}}ria e Probabilidade}},
	volume = {5},
	year = {2010}
}
@book{Iezzi_fund5,
	address = {S{\~{a}}o Paulo},
	author = {IEZZI, Gelson},
	edition = {2},
	publisher = {Atual Editora},
	title = {{Fundamentos de Matem{\'{a}}tica Elementar, Combinat{\'{o}}ria e Probabilidade}},
	volume = {5},
	year = {2010}
}
@book{Iezzi_fund1,
	address = {S{\~{a}}o Paulo},
	author = {IEZZI, Gelson},
	edition = {7},
	publisher = {Atual Editora},
	title = {{Fundamentos de Matem{\'{a}}tica Elementar, Conjuntos e Fun{\c{c}}{\~{o}}es}},
	volume = {1},
	year = {2010}
}
@book{Iezzi_fund7,
	address = {S{\~{a}}o Paulo},
	author = {IEZZI, Gelson},
	edition = {2},
	publisher = {Atual Editora},
	title = {{Fundamentos de Matem{\'{a}}tica Elementar, Geometria Anal{\'{i}}tica}},
	volume = {7},
	year = {2010}
}
@book{Iezzi_fund7,
	address = {S{\~{a}}o Paulo},
	author = {IEZZI, Gelson},
	edition = {2},
	publisher = {Atual Editora},
	title = {{Fundamentos de Matem{\'{a}}tica Elementar, Geometria Anal{\'{i}}tica}},
	volume = {7},
	year = {2010}
}
@book{Iezzi_fund10,
	address = {S{\~{a}}o Paulo},
	author = {IEZZI, Gelson},
	edition = {2},
	publisher = {Atual Editora},
	title = {{Fundamentos de Matem{\'{a}}tica Elementar, Geometria Espacial}},
	volume = {5},
	year = {2010}
}
@book{Iezzi_fund9,
	address = {S{\~{a}}o Paulo},
	author = {IEZZI, Gelson},
	edition = {2},
	publisher = {Atual Editora},
	title = {{Fundamentos de Matem{\'{a}}tica Elementar, Geometria Plana}},
	volume = {9},
	year = {2010}
}
@book{Iezzi_fund2,
	address = {S{\~{a}}o Paulo},
	author = {IEZZI, Gelson},
	edition = {8},
	publisher = {Atual Editora},
	title = {{Fundamentos de Matem{\'{a}}tica Elementar, Logaritmos}},
	volume = {2},
	year = {2010}
}
@book{Iezzi_fund6,
	address = {S{\~{a}}o Paulo},
	author = {IEZZI, Gelson},
	edition = {2},
	publisher = {Atual Editora},
	title = {{Fundamentos de Matem{\'{a}}tica Elementar, N{\'{u}}meros Complexos}},
	volume = {6},
	year = {2010}
}
@book{Iezzi_fund6,
	address = {S{\~{a}}o Paulo},
	author = {IEZZI, Gelson},
	edition = {2},
	publisher = {Atual Editora},
	title = {{Fundamentos de Matem{\'{a}}tica Elementar, N{\'{u}}meros Complexos}},
	volume = {6},
	year = {2010}
}
@book{Iezzi_fund3,
	address = {S{\~{a}}o Paulo},
	author = {IEZZI, Gelson},
	edition = {7},
	publisher = {Atual Editora},
	title = {{Fundamentos de Matem{\'{a}}tica Elementar, Trigonometria}},
	volume = {3},
	year = {2010}
}
@book{Iezzi_fund4,
	address = {S{\~{a}}o Paulo},
	author = {IEZZI, Gelson},
	edition = {8},
	publisher = {Atual Editora},
	title = {{Fundamentos de Matem{\'{a}}tica Elementar,Sequ{\^{e}}ncias, Matrizes e Determinantes}},
	volume = {4},
	year = {2010}
}
@book{Iezzi_fund4,
	address = {S{\~{a}}o Paulo},
	author = {IEZZI, Gelson},
	edition = {8},
	publisher = {Atual Editora},
	title = {{Fundamentos de Matem{\'{a}}tica Elementar,Sequ{\^{e}}ncias, Matrizes e Determinantes}},
	volume = {4},
	year = {2010}
}
@article{lago,
	author = {LAGO, A M T and LAUDARES, S S A and BORGES, L A C and PIMENTA, M E S G},
	journal = {Terra - paisagens, solos, biodiversidade e os desafios para um bom viver. Ituiutaba: Barlavento},
	pages = {1144--1156},
	title = {{Gest{\~{a}}o e sustentabilidade ambiental da cadeia produtiva do pescado In: SEABRA, G. (Org.)}},
	year = {2016}
}
@article{Costa2007,
	abstract = {The solid-liquid phase diagrams of two binary mixtures of saturated fatty acids, formed by caprylic acid (C8:0) + myristic acid (C14:0) and lauric acid (C12:0) + myristic acid (C14:0), were measured using high pressure microscopy in the range of 0.1-90 MPa. It is shown that unlike for other long chain alkyl compounds such as alkanes the phase diagrams are only slightly affected by the pressure, even in very large pressure ranges such as studied in this work. The modeling of the measured phase diagrams was attempted using an approach previously developed by the authors for n-alkane mixtures. It is here shown that this model can provide an accurate description of the high pressure solid-liquid equilibrium of fatty acid mixtures. {\textcopyright} 2007 Elsevier B.V. All rights reserved.},
	author = {Costa, Mariana C. and Kr{\"{a}}henb{\"{u}}hl, M. A. and Meirelles, Antonio J.A. and Daridon, J. L. and Pauly, J. and Coutinho, J. A.P.},
	doi = {10.1016/j.fluid.2007.02.007},
	file = {:home/moriya/Documentos/Mestrado em Sustentabilidade/DEFESA/Papers/High pressure solid–liquid equilibria of fatty acids.pdf:pdf},
	issn = {03783812},
	journal = {Fluid Phase Equilibria},
	keywords = {Caprylic acid,High pressure,Lauric acid,Modeling,Myristic acid,Phase diagrams,Solid-liquid equilibrium},
	number = {2},
	pages = {118--123},
	title = {{High pressure solid-liquid equilibria of fatty acids}},
	volume = {253},
	year = {2007}
}

@article{Oliveira2016,
	abstract = {Sour gases and methane separation has been studied for many years and ionic liquids (ILs) could be used to promote their separation. Protic ionic liquids based on substitute amines and carboxilate anions were reported to be selective to methane/carbon dioxide separation. However, the methane + ILs phase equilibria data, which is required to design gas separation, are scarce on the open literature. This study report the high pressure phase transition data for methane + N-methyl-2-hydroxyethylammonium propanoate, bis(2-hydroxyethyl)ammonium propanoate, or 2-hydroxyethylammonium propanoate. The binary system methane + N-methyl-2-hydroxyethylammonium propanoate was compared to literature experimental data. The structures and purities of ILs were confirmed by 1H NMR, 13C NMR, HSQC and HMBC NMR studies. Water content were measured by Karl Fischer coulometer measurements. The phase transitions have been classified as bubble points and studied at four temperatures from 333.1 to 363.1 K and pressures from 4 to 16 MPa. The experimental data were obtained using the static-synthetic visual method by a variable-volume cell unit. VLE transitions have been classified as bubble points. Henry's law constants were estimated and compared with other ILs and organic solvents. Experimental data for CH4 + + N-methyl-2-hydroxyethylammonium propanoate system were correlated using the three-parametric Redlich – Kwong – Peng – Robinson equation of state (RKPR-EoS) coupled to cubic van der Waals mixing rules (regarding the composition) and temperature dependence for the interaction energy parameter (CMR-T).},
	author = {Oliveira, Luana M C and Ribeiro, F{\'{a}}bia R G and Alcantara, Murilo L and Pisoni, Gerardo O and Cabral, Vladimir F and Cardozo-Filho, L{\'{u}}cio and Mattedi, Silvana},
	doi = {10.1016/j.fluid.2016.03.021},
	issn = {03783812},
	journal = {Fluid Phase Equilibria},
	keywords = {Equilibrium,Henry's law constant,High pressure,Methane,Protic ionic liquids},
	pages = {65--74},
	title = {{High pressure vapor-liquid equilibria for binary methane and protic ionic liquid based on propionate anions}},
	volume = {426},
	year = {2016}
}
@article{Oliveira2016,
	abstract = {Sour gases and methane separation has been studied for many years and ionic liquids (ILs) could be used to promote their separation. Protic ionic liquids based on substitute amines and carboxilate anions were reported to be selective to methane/carbon dioxide separation. However, the methane + ILs phase equilibria data, which is required to design gas separation, are scarce on the open literature. This study report the high pressure phase transition data for methane + N-methyl-2-hydroxyethylammonium propanoate, bis(2-hydroxyethyl)ammonium propanoate, or 2-hydroxyethylammonium propanoate. The binary system methane + N-methyl-2-hydroxyethylammonium propanoate was compared to literature experimental data. The structures and purities of ILs were confirmed by 1H NMR, 13C NMR, HSQC and HMBC NMR studies. Water content were measured by Karl Fischer coulometer measurements. The phase transitions have been classified as bubble points and studied at four temperatures from 333.1 to 363.1 K and pressures from 4 to 16 MPa. The experimental data were obtained using the static-synthetic visual method by a variable-volume cell unit. VLE transitions have been classified as bubble points. Henry's law constants were estimated and compared with other ILs and organic solvents. Experimental data for CH4 + + N-methyl-2-hydroxyethylammonium propanoate system were correlated using the three-parametric Redlich – Kwong – Peng – Robinson equation of state (RKPR-EoS) coupled to cubic van der Waals mixing rules (regarding the composition) and temperature dependence for the interaction energy parameter (CMR-T).},
	author = {Oliveira, Luana M.C. and Ribeiro, F{\'{a}}bia R.G. and Alcantara, Murilo L. and Pisoni, Gerardo O. and Cabral, Vladimir F. and Cardozo-Filho, L{\'{u}}cio and Mattedi, Silvana},
	doi = {10.1016/j.fluid.2016.03.021},
	file = {:home/moriya/Documentos/Mestrado em Sustentabilidade/DEFESA/Papers/High pressure vapor-liquid equilibria for binary methane and protic.pdf:pdf},
	issn = {03783812},
	journal = {Fluid Phase Equilibria},
	keywords = {Equilibrium,Henry's law constant,High pressure,Methane,Protic ionic liquids},
	pages = {65--74},
	title = {{High pressure vapor-liquid equilibria for binary methane and protic ionic liquid based on propionate anions}},
	volume = {426},
	year = {2016}
}
@article{Fernandez2017,
	abstract = {The temperature and enthalpy of fusion of choline chloride -[Ch]Cl- are not directly measurable since this compound decomposes upon melting. Yet, given the wide use of this compound in the preparation of deep eutectic solvents (DES), its thermophysical fusion properties are very important for a better understanding of these mixtures and the thermodynamic description of their solid-liquid phase diagrams. In this work, the fusion properties of choline chloride were estimated using the solubility curves of choline chloride in ten different ionic compounds, forming simple binary eutectic mixtures with quasi-ideal liquid phases. Experimental solid-liquid equilibria data for these systems -[Ch]Cl + ionic compounds- were measured, and the ideality of the systems assessed through the quantification of the activity coefficients and their comparison in each pair of binary solutions. The values estimated for the fusion properties of choline chloride are Tfus,[Ch]Cl = 597 ± 7 K and $\Delta$fusH[Ch]Cl = 4300 ± 600 J mol−1. These were additionally checked by thermodynamic consistency tests and by the prediction of the solid-liquid curves with COSMO-RS model. The results obtained with both procedures allow us to guarantee the usefulness and robustness of the estimated data.},
	author = {Fernandez, Luis and Silva, Liliana P. and Martins, M{\'{o}}nia A.R. and Ferreira, Olga and Ortega, Juan and Pinho, Sim{\~{a}}o P. and Coutinho, Jo{\~{a}}o A.P.},
	doi = {10.1016/j.fluid.2017.03.015},
	issn = {03783812},
	journal = {Fluid Phase Equilibria},
	keywords = {Choline chloride,Deep eutectic solvents,Experimental,Ideal solutions,Melting properties},
	pages = {9--14},
	title = {{Indirect assessment of the fusion properties of choline chloride from solid-liquid equilibria data}},
	volume = {448},
	year = {2017}
}
@phdthesis{ditanno,
	address = {Piracicaba},
	author = {DI-TANNO, M F P},
	school = {Universidade de S{\~{a}}o Paulo},
	title = {{Influ{\^{e}}ncia da temperatura, tempo e concentra{\c{c}}{\~{a}}o de pectinase na textura, rendimento e caracter{\'{i}}sticas f{\'{i}}sico-qu{\'{i}}mica da mandioca (Manihot esculenta C.) durante fermenta{\c{c}}{\~{a}}o.}},
	type = {Disserta{\c{c}}{\~{a}}o (Mestrado em Ci{\^{e}}ncia e Tecnologia de Alimentos)},
	year = {2001}
}
@book{SMITH2000,
	address = {Rio de Janeiro},
	author = {SMITH, J.M. and {VAN NESS}, H.C. and ABBOT, M.M.},
	edition = {5},
	isbn = {007-059239-X},
	pages = {692},
	publisher = {Livros T{\'{e}}cnicos e Cient{\'{i}}ficos Editora S.A.},
	title = {{Introdu{\c{c}}{\~{a}}o {\`{a}} Termodin{\^{a}}mica da Engenharia Qu{\'{i}}mica}},
	year = {2000}
}
@book{DanteContex2,
	address = {S{\~{a}}o Paulo},
	author = {DANTE, Luiz Roberto},
	edition = {1},
	publisher = {Editora {\'{A}}tica},
	title = {{Matem{\'{a}}tica Contexto e Aplica{\c{c}}{\~{o}}es}},
	volume = {2},
	year = {2012}
}
@book{DanteContex3,
	address = {S{\~{a}}o Paulo},
	author = {DANTE, Luiz Roberto},
	edition = {1},
	publisher = {Editora {\'{A}}tica},
	title = {{Matem{\'{a}}tica Contexto e Aplica{\c{c}}{\~{o}}es}},
	volume = {3},
	year = {2012}
}
@book{DanteContex1,
	address = {S{\~{a}}o Paulo},
	author = {DANTE, Luiz Roberto},
	edition = {1},
	publisher = {Editora {\'{A}}tica},
	title = {{Matem{\'{a}}tica Contexto e Aplica{\c{c}}{\~{o}}es}},
	volume = {1},
	year = {2012}
}
@book{SouzaV1,
	address = {S{\~{a}}o Paulo},
	author = {SOUZA, Joamir},
	edition = {1},
	publisher = {Editora FTD S.A.},
	title = {{Matem{\'{a}}tica Novo Olhar}},
	volume = {1},
	year = {2010}
}
@book{SouzaV2,
	address = {S{\~{a}}o Paulo},
	author = {SOUZA, Joanir},
	edition = {1},
	publisher = {Editora FTD S.A.},
	title = {{Matem{\'{a}}tica Novo Olhar}},
	volume = {2},
	year = {2010}
}
@book{SouzaV3,
	address = {S{\~{a}}o Paulo},
	author = {SOUZA, Joanir},
	edition = {1},
	publisher = {Editora FTD S.A.},
	title = {{Matem{\'{a}}tica Novo Olhar}},
	volume = {3},
	year = {2010}
}

@article{Wei2009,
	author = {Wei, Dongwei and Chen, Limei and Xu, Jingjing and Li, Fusheng},
	doi = {10.1016/j.fluid.2009.09.013},
	issn = {03783812},
	journal = {Fluid Phase Equilibria},
	keywords = {Activity coefficient,Irganox 1010,Solid-liquid equilibrium,n-Hexane},
	number = {1},
	pages = {39--42},
	title = {{Measurement and correlation of solid-liquid equilibria of Irganox 1010 with n-hexane}},
	volume = {287},
	year = {2009}
}
@article{Boudouh2016,
	abstract = {{\^{A}}{\textcopyright} 2016, Akad{\~{A}}{\textcopyright}miai Kiad{\~{A}}³, Budapest, Hungary.Solid–liquid equilibria of the n-alkanes (n-octadecane, n-eicosane, n-tetracosane, n-pentacosane, n-triacontane) in biphenyl were measured by DSC 7 (Perkin-Elmer). It was found that all systems are simple eutectic. The solubility of the biphenyl in n-alkanes was studied in the temperature range 301–370{\^{A}} K. The experimental results were correlated using modified UNIFAC (Larsen and Gmehling versions) and ideal models. Good representation of solubility diagrams was obtained using partly readjusted UNIFAC parameters of Larsen version. Taking into account the large range of applicability of UNIFAC and the predictions of the activity coefficients for many other components in different classes of mixtures, we can conclude that the new experimental data for the systems mentioned in this work should be included in the database used by UNIFAC in order to evaluate better interaction parameters and to improve predictions.},
	author = {Boudouh, Issam and Hafsaoui, Said Lotfi and Mahmoud, Rachid and Barkat, Djamel},
	doi = {10.1007/s10973-016-5407-9},
	file = {:home/moriya/Documentos/Mestrado em Sustentabilidade/DEFESA/Papers/Measurement and prediction of solid–liquid phase equilibria Boudouh2016{\_}Article{\_}MeasuremeNtANdPredictioNOfSoli.pdf:pdf},
	isbn = {1097301654079},
	issn = {15882926},
	journal = {Journal of Thermal Analysis and Calorimetry},
	keywords = {Activity coefficients,Biphenyl,DSC,Solid–liquid equilibria,UNIFAC model,n-Alkane},
	number = {2},
	pages = {793--801},
	publisher = {Springer Netherlands},
	title = {{Measurement and prediction of solid–liquid phase equilibria for systems containing biphenyl in binary solution with long-chain n-alkanes}},
	volume = {125},
	year = {2016}
}
@article{Moudjari2019,
	abstract = {Solid-liquid phase equilibria data for various systems were predicted using the modified group contribution NRTL equation (GC-NRTL). A priori a previous NRTL group interaction parameters matrix was completed by introducing new groups involved in oxygenated (HCO), nitroginated (HCN, HCNO) and chlorinated (HC–Cl) systems, by minimizing a well defined objective function defined in terms of the sum of the squared differences between the calculated solubility values and the corresponding experimental ones reported in the literature. A sequential approach was adopted consisting of using the already determined group interaction parameters in the determination of those between new involved groups. Solid-liquid phase equilibria for systems not involved in the interaction parameters calculation were predicted by means of the modified GC-NRTL model, including the determination of the eutectic points. A quite good agreement was obtained between the predicted results and the corresponding reported experimental values.},
	author = {Moudjari, Youcef and Louaer, Wahida and Meniai, Abdeslam Hassen},
	doi = {10.1016/j.fluid.2019.03.021},
	issn = {03783812},
	journal = {Fluid Phase Equilibria},
	keywords = {Eutectic,GC-NRTL,Group-contribution method,Interaction parameters,Liquid-solid equilibrium},
	pages = {118--136},
	publisher = {Elsevier Ltd},
	title = {{Modeling of solid-liquid equilibrium using a modified group contribution based NRTL model}},
	url = {https://doi.org/10.1016/j.fluid.2019.03.021},
	volume = {492},
	year = {2019}
}
@article{Geometry,
	author = {Geometry, Riemannian and Analysis, Geometric},
	isbn = {9783540773405},
	pages = {3},
	title = {{No 主観的健康感を中心とした在宅高齢者における 健康関連指標に関する共分散構造分析Title}}
}
@article{Geometry,
	author = {Geometry, Riemannian and Analysis, Geometric},
	file = {:home/moriya/.local/share/data/Mendeley Ltd./Mendeley Desktop/Downloaded/Geometry, Analysis - Unknown - No 主観的健康感を中心とした在宅高齢者における 健康関連.pdf:pdf},
	isbn = {9783540773405},
	pages = {3},
	title = {{No 主観的健康感を中心とした在宅高齢者における 健康関連指標に関する共分散構造分析Title}}
}
@article{Stark1971,
	abstract = {The classical canonical partition function for a one-dimensional, two-component system is examined for the case of nearest-neighbor interactions. The quasi-chemical model of solid solutions is found to be a natural consequence of the definition of the partition function when one replaces the normal configurational energy with a configurational free energy. Consequently, the quasi-chemical theory may be viewed as a consequence of the definition of the partition function and not as merely a physically pleasing model.},
	author = {Stark, J P},
	doi = {10.1007/BF01008277},
	issn = {1572-9613},
	journal = {Journal of Statistical Physics},
	number = {4},
	pages = {395--399},
	title = {{On the quasi-chemical theory of solutions}},
	url = {https://doi.org/10.1007/BF01008277},
	volume = {3},
	year = {1971}
}
@article{Stark1971,
	abstract = {The classical canonical partition function for a one-dimensional, two-component system is examined for the case of nearest-neighbor interactions. The quasi-chemical model of solid solutions is found to be a natural consequence of the definition of the partition function when one replaces the normal configurational energy with a configurational free energy. Consequently, the quasi-chemical theory may be viewed as a consequence of the definition of the partition function and not as merely a physically pleasing model.},
	author = {Stark, J P},
	doi = {10.1007/BF01008277},
	file = {:home/moriya/Documentos/Mestrado em Sustentabilidade/DEFESA/Papers/Stark1971{\_}Article{\_}OnTheQuasi-chemicalTheoryOfSol.pdf:pdf},
	issn = {1572-9613},
	journal = {Journal of Statistical Physics},
	number = {4},
	pages = {395--399},
	title = {{On the quasi-chemical theory of solutions}},
	url = {https://doi.org/10.1007/BF01008277},
	volume = {3},
	year = {1971}
}
@phdthesis{piccolo,
	address = {Santa Maria},
	annote = {134 f.},
	author = {PICCOLO, J},
	school = {Universidade Federal de Santa Maria},
	title = {{Otimiza{\c{c}}{\~{a}}o de formula{\c{c}}{\~{o}}es de salsicha mista produzidas com carne de jundi{\'{a}} (Rhamdia quelen)}},
	type = {Disserta{\c{c}}{\~{a}}o (Mestrado em Ci{\^{e}}ncia e Tecnologia dos Alimentos)},
	year = {2010}
}
@article{AparecidoSalatta2017,
	author = {{Aparecido Salatta}, Vin{\'{i}}cius and {Regina dos Santos}, Solange},
	doi = {10.21167/cqdvol10ermacic201723169664vassrs6276},
	issn = {23169664},
	journal = {C.Q.D. – Revista Eletr{\^{o}}nica Paulista de Matem{\'{a}}tica},
	pages = {62--76},
	title = {{Otimiza{\c{c}}{\~{a}}o Estoc{\'{a}}stica por meio de dois problemas de programa{\c{c}}{\~{a}}o linear com coeficientes aleat{\'{o}}rios}},
	volume = {10ic},
	year = {2017}
}
@article{AparecidoSalatta2017,
	author = {{Aparecido Salatta}, Vin{\'{i}}cius and {Regina dos Santos}, Solange},
	doi = {10.21167/cqdvol10ermacic201723169664vassrs6276},
	file = {:home/moriya/.local/share/data/Mendeley Ltd./Mendeley Desktop/Downloaded/Aparecido Salatta, Regina dos Santos - 2017 - Otimiza{\c{c}}{\~{a}}o Estoc{\'{a}}stica por meio de dois problemas de programa{\c{c}}{\~{a}}o linear com coeficie.pdf:pdf},
	issn = {23169664},
	journal = {C.Q.D. – Revista Eletr{\^{o}}nica Paulista de Matem{\'{a}}tica},
	pages = {62--76},
	title = {{Otimiza{\c{c}}{\~{a}}o Estoc{\'{a}}stica por meio de dois problemas de programa{\c{c}}{\~{a}}o linear com coeficientes aleat{\'{o}}rios}},
	volume = {10ic},
	year = {2017}
}
@article{boscolo,
	author = {BOSCOLO, W R and FEIDEN, A and {M. L. F. MALUF} and VEIT, J C},
	journal = {Toledo:GFM Gr{\'{a}}fica e Editora},
	pages = {130},
	title = {{Peixe na merenda escolar: educar e formar novos consumidores}},
	year = {2009}
}
@article{Lente2004,
	abstract = {The aqueous photoreaction of 2,6-dichloro-1,4-benzoquinone produces 2,6-dichlorohydroquinone, 2,6-dichloro-3-hydroxy-1,4-benzoquinone and dioxygen. This reaction was used to demonstrate that a commercial diode-array spectrophotometer is a useful tool for the study of photochemical reactions. The white light going through the sample cell concurrently drives and detects photoreactions. It is shown how quantum yields can be determined. A method for interpreting the full time course of the photoreaction is also presented. {\textcopyright} 2004 Elsevier B.V. All rights reserved.},
	author = {Lente, G{\'{a}}bor and Espenson, James H.},
	doi = {10.1016/j.jphotochem.2003.12.005},
	file = {:home/moriya/Documentos/Mestrado em Sustentabilidade/DEFESA/Papers/Photoreduction of 2,6-dichloroquinone in aqueous solution
	Use of a diode array spectrophotometer concurrently
	to drive and detect a photochemical reaction.pdf:pdf},
	isbn = {3652489667},
	issn = {10106030},
	journal = {Journal of Photochemistry and Photobiology A: Chemistry},
	keywords = {Diode-array spectrophotometer,Photoreactions,Quinones},
	number = {1-2},
	pages = {249--258},
	title = {{Photoreduction of 2,6-dichloroquinone in aqueous solution: Use of a diode array spectrophotometer concurrently to drive and detect a photochemical reaction}},
	volume = {163},
	year = {2004}
}
@article{Lente2004,
	abstract = {The aqueous photoreaction of 2,6-dichloro-1,4-benzoquinone produces 2,6-dichlorohydroquinone, 2,6-dichloro-3-hydroxy-1,4-benzoquinone and dioxygen. This reaction was used to demonstrate that a commercial diode-array spectrophotometer is a useful tool for the study of photochemical reactions. The white light going through the sample cell concurrently drives and detects photoreactions. It is shown how quantum yields can be determined. A method for interpreting the full time course of the photoreaction is also presented. {\textcopyright}2004 Elsevier B.V. All rights reserved.},
	author = {Lente, G{\'{a}}bor and Espenson, James H},
	doi = {10.1016/j.jphotochem.2003.12.005},
	isbn = {3652489667},
	issn = {10106030},
	journal = {Journal of Photochemistry and Photobiology A: Chemistry},
	keywords = {Diode-array spectrophotometer,Photoreactions,Quinones},
	number = {1-2},
	pages = {249--258},
	title = {{Photoreduction of 2,6-dichloroquinone in aqueous solution: Use of a diode array spectrophotometer concurrently to drive and detect a photochemical reaction}},
	volume = {163},
	year = {2004}
}
@book{Coutinho,
	address = {Rio de Janeiro},
	author = {C, COUTINHO S},
	publisher = {Cole��o Matem�tica e Aplica��es, IMPA},
	title = {{Polin{\^{o}}mios e Computa{\c{c}}{\~{a}}o Alg{\'{e}}brica}},
	year = {2012}
}
@article{Brito,
	author = {de. BRITO, M{\'{a}}rcia Regina Ferreira},
	journal = {Educar em Revista, n{\$}{\^{}}o{\$} SE1 (2011): 29–45},
	keywords = {Psicologia da Educa{\c{c}}{\~{a}}o},
	number = {10.1590/S0104-40602011000400003},
	title = {{Psychology of mathematics education: a point of view}}
}
@article{Brito,
	author = {de. BRITO, M{\'{a}}rcia Regina Ferreira},
	journal = {Educar em Revista, n{\$}{\^{}}o{\$} SE1 (2011): 29–45},
	keywords = {Psicologia da Educa{\c{c}}{\~{a}}o},
	number = {10.1590/S0104-40602011000400003},
	title = {{Psychology of mathematics education: a point of view}}
}
@article{Asthagiri2003,
	abstract = {Be 2 (aq) hydrolysis can to lead to the formation of multi-beryllium clusters, but the thermodynamics of this process has not been resolved theoretically. We study the hydration state of an isolated Be2+ ion using both the quasi-chemical theory of solutions and ab initio molecular dynamics. These studies confirm that Be2+(aq) is tetra-hydrated. The quasi-chemical approach is then applied to then the deprotonation of Be(H2O)42+ to give BeOH(H2O)3+. The calculated pKa of 3.8 is in good agreement with the experimentally suggested value around 3.5. The calculated energetics for the formation of [Be {\textperiodcentered} OH {\textperiodcentered} Be]3+ are then obtained in fair agreement with experiments. {\textcopyright} 2003 Elsevier Science B.V. All rights reserved.},
	author = {Asthagiri, D. and Pratt, Lawrence R.},
	doi = {10.1016/S0009-2614(03)00227-6},
	file = {:home/moriya/Documentos/Mestrado em Sustentabilidade/DEFESA/Papers/Quasi-chemical study of Be2þ(aq) speciation.pdf:pdf},
	issn = {00092614},
	journal = {Chemical Physics Letters},
	number = {5-6},
	pages = {613--619},
	title = {{Quasi-chemical study of Be2+ (aq) speciation}},
	volume = {371},
	year = {2003}
}
@article{Asthagiri2003,
	abstract = {Be 2 (aq) hydrolysis can to lead to the formation of multi-beryllium clusters, but the thermodynamics of this process has not been resolved theoretically. We study the hydration state of an isolated Be2+ ion using both the quasi-chemical theory of solutions and ab initio molecular dynamics. These studies confirm that Be2+(aq) is tetra-hydrated. The quasi-chemical approach is then applied to then the deprotonation of Be(H2O)42+ to give BeOH(H2O)3+. The calculated pKa of 3.8 is in good agreement with the experimentally suggested value around 3.5. The calculated energetics for the formation of [Be {\textperiodcentered}OH {\textperiodcentered}Be]3+ are then obtained in fair agreement with experiments. {\textcopyright}2003 Elsevier Science B.V. All rights reserved.},
	author = {Asthagiri, D and Pratt, Lawrence R},
	doi = {10.1016/S0009-2614(03)00227-6},
	issn = {00092614},
	journal = {Chemical Physics Letters},
	number = {5-6},
	pages = {613--619},
	title = {{Quasi-chemical study of Be2+ (aq) speciation}},
	volume = {371},
	year = {2003}
}
@article{Feltre2004,
	author = {Feltre, Ricardo},
	file = {:home/moriya/Documentos/Mestrado em Sustentabilidade/DEFESA/(Em Portuguese do Brasil) Ricardo Feltre - Qu{\'{i}}mica. F{\'{i}}sico-qu{\'{i}}mica. 2{\textordmasculine} Ano. 2-Moderna (2008).pdf:pdf},
	isbn = {85-16-04330-4},
	pages = {432},
	title = {{Quimica: F{\'{i}}sico-qu{\'{i}}mica}},
	volume = {Volume 2},
	year = {2004}
}
@article{Feltre2004,
	author = {Feltre, Ricardo},
	isbn = {85-16-04330-4},
	pages = {432},
	title = {{Quimica: F{\'{i}}sico-qu{\'{i}}mica}},
	volume = {Volume 2},
	year = {2004}
}
@article{bombardelli,
	author = {BOMBARDELLI, R A and SYPERRECK, M A and SANCHES, E A},
	journal = {Arquivos de Ci{\^{e}}ncias Veterin{\'{a}}rias e Zoologia da UNIPAR},
	number = {2},
	pages = {95--181},
	title = {{Situa{\c{c}}{\~{a}}o atual e perspectivas para o consumo, processamento e agrega{\c{c}}{\~{a}}o de valor ao pescado.}},
	volume = {8},
	year = {2005}
}
@article{Hashem2019,
	abstract = {In this work, solid-liquid equilibria of the pseudo-binary system ThO 2 -ZrO 2 are investigated. A series of different molar ratios (80:20, 60:40, 40:60, and 20:80 ThO 2 :ZrO 2 )of ThO 2 and ZrO 2 were synthesised at JRC-Karlsruhe using an external sol-gel method. The XRD data of samples sintered at 1650 °C show two-phase behaviour throughout the range of compositions with small solubility ({\textless}5{\%})of ZrO 2 in ThO 2 and limited solubility of ThO 2 in ZrO 2 . These results were supported with Raman spectroscopy and SEM measurements to have a better understanding of the distribution of the components within each other. Solid/liquid equilibria in the ThO 2 -ZrO 2 system are investigated here for the first time by laser heating coupled with fast optical thermometry under a controlled atmosphere. A minimum solidus point exists in this system for intermediate compositions (close to Th 0.4 Zr 0.6 O 2 )at approximately 2750 K. These results contribute to assessing the thermal stability of the fuel-cladding system in a ThO 2 -fuel based reactor. Moreover, when compared with other similar mixed oxide systems, the present data confirm the essential role played by oxygen chemistry in the definition of the studied phase boundaries.},
	author = {Hashem, Emtethal and Seibert, Alice and Vigier, Jean Fran{\c{c}}ois and Naji, Mohamed and Mastromarino, Sara and Ciccioli, Andrea and Manara, Dario},
	doi = {10.1016/j.jnucmat.2019.04.035},
	issn = {00223115},
	journal = {Journal of Nuclear Materials},
	keywords = {Melting,Mixed oxides,Thorium nuclear fuel,Thorium oxide,Zirconium oxide},
	pages = {99--108},
	title = {{Solid-liquid equilibria in the ThO 2 –ZrO 2 system: An experimental study}},
	volume = {521},
	year = {2019}
}
@article{Hashem2019,
	abstract = {In this work, solid-liquid equilibria of the pseudo-binary system ThO 2 -ZrO 2 are investigated. A series of different molar ratios (80:20, 60:40, 40:60, and 20:80 ThO 2 :ZrO 2 )of ThO 2 and ZrO 2 were synthesised at JRC-Karlsruhe using an external sol-gel method. The XRD data of samples sintered at 1650 °C show two-phase behaviour throughout the range of compositions with small solubility ({\textless}5{\%})of ZrO 2 in ThO 2 and limited solubility of ThO 2 in ZrO 2 . These results were supported with Raman spectroscopy and SEM measurements to have a better understanding of the distribution of the components within each other. Solid/liquid equilibria in the ThO 2 -ZrO 2 system are investigated here for the first time by laser heating coupled with fast optical thermometry under a controlled atmosphere. A minimum solidus point exists in this system for intermediate compositions (close to Th 0.4 Zr 0.6 O 2 )at approximately 2750 K. These results contribute to assessing the thermal stability of the fuel-cladding system in a ThO 2 -fuel based reactor. Moreover, when compared with other similar mixed oxide systems, the present data confirm the essential role played by oxygen chemistry in the definition of the studied phase boundaries.},
	author = {Hashem, Emtethal and Seibert, Alice and Vigier, Jean Fran{\c{c}}ois and Naji, Mohamed and Mastromarino, Sara and Ciccioli, Andrea and Manara, Dario},
	doi = {10.1016/j.jnucmat.2019.04.035},
	file = {:home/moriya/Documentos/Mestrado em Sustentabilidade/DEFESA/Papers/Solid-liquid equilibria in the ThO2 eZrO2 system$\backslash$: An experimental.pdf:pdf},
	issn = {00223115},
	journal = {Journal of Nuclear Materials},
	keywords = {Melting,Mixed oxides,Thorium nuclear fuel,Thorium oxide,Zirconium oxide},
	pages = {99--108},
	title = {{Solid-liquid equilibria in the ThO 2 –ZrO 2 system: An experimental study}},
	volume = {521},
	year = {2019}
}
@article{oetterer,
	author = {OETTERER, M and GALV{\~{A}}O, J A and SUCASAS, L F A},
	journal = {Qualidade e processamento de pescado. 1 ed. Rio de Janeiro: Elsevier},
	pages = {97--118},
	title = {{Sustentabiblidade na cadeia produtiva do pescado: aproveitamento de res{\'{i}}duos. In: GALV{\~{A}}O, J. A.; OETTERER, M. (Org.)}},
	year = {2014}
}
@book{goncalves,
	address = {S{\~{a}}o Paulo},
	author = {GON{\c{C}}ALVES, A A},
	editor = {Atheneu, Editora},
	pages = {608},
	title = {{Tecnologia do Pescado: Ci{\^{e}}ncia, Tecnologia, Inova{\c{c}}{\~{a}}o e Legisla{\c{c}}{\~{a}}o.}},
	year = {2011}
}
@article{Costa2009,
	abstract = {This study was aimed at using the solid-liquid phase diagrams for three binary mixtures of saturated fatty acids, especially the phase transitions below the liquidus line. These mixtures are compounded by caprylic acid (C8:0) + myristic acid (C14:0), capric acid (C10:0) + palmitic acid (C16:0), lauric acid (C12:0) + stearic acid (C18:0), differing by six carbon atoms between carbon chains. The phase diagrams were obtained by differential scanning calorimetry (DSC). The polarized light microscopy was used to complement the characterization for a full grasp of the phase diagram. Not only do these phase diagrams present peritectic and eutectic reactions, but also metatectic reactions, due to solid-solid phase transitions common, in fatty acids. These findings have contributed to the elucidation of the phase behavior of these important biochemical molecules with implications in various industrial production. {\textcopyright} 2009 Elsevier B.V. All rights reserved.},
	author = {Costa, Mariana C. and Rolemberg, Marlus P. and Meirelles, Antonio J A and Coutinho, Jo{\~{a}}o A P and Kr{\"{a}}henb{\"{u}}hl, M. A.},
	doi = {10.1016/j.tca.2009.06.018},
	file = {:home/moriya/Documentos/Mestrado em Sustentabilidade/DEFESA/Papers/The solid–liquid phase diagrams of binary mixtures of consecutive, even.pdf:pdf},
	issn = {00406031},
	journal = {Thermochimica Acta},
	keywords = {DSC,Phase diagram,Polarized light microscopy,Saturated fatty acids,Solid-liquid equilibrium},
	number = {1-2},
	pages = {30--37},
	title = {{The solid-liquid phase diagrams of binary mixtures of even saturated fatty acids differing by six carbon atoms}},
	volume = {496},
	year = {2009}
}

@article{Costa2009a,
	abstract = {For the first time, the solid-liquid phase diagrams of five binary mixtures of saturated fatty acids are here presented. These mixtures are formed of caprylic acid (C 8:0 ) + capric acid (C 10:0 ), capric acid (C 10:0 ) + lauric acid (C 12:0 ), lauric acid (C 12:0 ) + myristic acid (C 14:0 ), myristic acid (C 14:0 ) + palmitic acid (C 16:0 ) and palmitic acid (C 16:0 ) + stearic acid (C 18:0 ). The information used in these phase diagrams was obtained by differential scanning calorimetry (DSC), X-ray diffraction (XRD), FT-Raman spectrometry and polarized light microscopy, aiming at a complete understanding of the phase diagrams of the fatty acid mixtures. All of the phase diagrams reported here presented the same global behavior and it was shown that this was far more complex than previously imagined. They presented not only peritectic and eutectic reactions, but also metatectic reactions, due to solid-solid phase transitions common in fatty acids and regions of solid solution not previously reported. This work contributes to the elucidation of the phase behavior of these important biochemical molecules, with implications in various industrial applications. {\textcopyright} 2009 Elsevier Ireland Ltd. All rights reserved.},
	author = {Costa, Mariana C. and Sardo, Mariana and Rolemberg, Marlus P. and Coutinho, Jo{\~{a}}o A.P. and Meirelles, Antonio J.A. and Ribeiro-Claro, Paulo and Kr{\"{a}}henb{\"{u}}hl, M. A.},
	doi = {10.1016/j.chemphyslip.2009.05.004},
	file = {:home/moriya/Documentos/Mestrado em Sustentabilidade/DEFESA/Papers/The solid–liquid phase diagrams of binary mixtures of consecutive.pdf:pdf},
	issn = {00093084},
	journal = {Chemistry and Physics of Lipids},
	keywords = {DSC,FT-Raman,Phase diagram,Saturated fatty acids,Solid-liquid equilibrium,XRD},
	number = {2},
	pages = {85--97},
	title = {{The solid-liquid phase diagrams of binary mixtures of consecutive, even saturated fatty acids}},
	volume = {160},
	year = {2009}
}

@article{Freik2011,
	author = {Freik, D. M. and Gorichok, I. V. and Pysklynets, U. M.},
	doi = {10.1134/s0020168511070107},
	file = {:home/moriya/Documentos/Mestrado em Sustentabilidade/DEFESA/Papers/Freik2011{\_}Article{\_}ThermodynamicAndQuasi-chemical.pdf:pdf},
	issn = {0020-1685},
	journal = {Inorganic Materials},
	number = {7},
	pages = {707--711},
	title = {{Thermodynamic and quasi-chemical modeling of point defects in CdTe〈I〉}},
	volume = {47},
	year = {2011}
}
@article{Freik2011,
	author = {Freik, D M and Gorichok, I V and Pysklynets, U M},
	doi = {10.1134/s0020168511070107},
	issn = {0020-1685},
	journal = {Inorganic Materials},
	number = {7},
	pages = {707--711},
	title = {{Thermodynamic and quasi-chemical modeling of point defects in CdTe〈I〉}},
	volume = {47},
	year = {2011}
}

@article{UNICRio2015,
	abstract = {Esta Agenda {\'{e}} um plano de a{\c{c}}{\~{a}}o para as pessoas, para o planeta e para a prosperidade. Ela tamb{\'{e}}m busca fortalecer a paz universal com mais liberdade. Reconhecemos que a erradica{\c{c}}{\~{a}}o da pobreza em todas as suas formas e dimens{\~{o}}es, incluindo a pobreza extrema, {\'{e}} o maior desafio global e um requisito indispens{\'{a}}vel para o desenvolvimento sustent{\'{a}}vel. Todos os pa{\'{i}}ses e todas as partes interessadas, atuando em parceria colaborativa, implementar{\~{a}}o este plano. Estamos decididos a libertar a ra{\c{c}}a humana da tirania da pobreza e da pen{\'{u}}ria e a curar e proteger o nosso planeta. Estamos determinados a tomar as medidas ousadas e transformadoras que s{\~{a}}o urgentemente necess{\'{a}}rias para direcionar o mundo para um caminho sustent{\'{a}}vel e resiliente. Ao embarcarmos nesta jornada coletiva, comprometemo-nos que ningu{\'{e}}m seja deixado para tr{\'{a}}s. Os 17 Objetivos de Desenvolvimento Sustent{\'{a}}vel e 169 metas que estamos anunciando hoje demonstram a escala e a ambi{\c{c}}{\~{a}}o desta nova Agenda universal. Eles se constroem sobre o legado dos Objetivos de Desenvolvimento do Mil{\^{e}}nio e concluir{\~{a}}o o que estes n{\~{a}}o conseguiram alcan{\c{c}}ar. Eles buscam concretizar os direitos humanos de todos e alcan{\c{c}}ar a igualdade de g{\^{e}}nero e o empoderamento das mulheres e meninas. Eles s{\~{a}}o integrados e indivis{\'{i}}veis, e equilibram as tr{\^{e}}s dimens{\~{o}}es do desenvolvimento sustent{\'{a}}vel: a econ{\^{o}}mica, a social e a ambiental.},
	author = {{UNIC Rio}},
	file = {:home/moriya/Documentos/Mestrado em Sustentabilidade/Metodologia Pesquisa/agenda2030-pt-br.pdf:pdf},
	journal = {Centro de Informa{\c{c}}{\~{a}}o das Na{\c{c}}{\~{o}}es Unidas Rio de Janeiro},
	pages = {49},
	title = {{Transformando Nosso Mundo: A Agenda 2030 para o Desenvolvimento Sustent{\'{a}}vel Pre{\^{a}}mbulo}},
	url = {https://nacoesunidas.org/wp-content/uploads/2015/10/agenda2030-pt-br.pdf},
	year = {2015}
}
@article{UNICRio2015,
	abstract = {Esta Agenda {\'{e}} um plano de a{\c{c}}{\~{a}}o para as pessoas, para o planeta e para a prosperidade. Ela tamb{\'{e}}m busca fortalecer a paz universal com mais liberdade. Reconhecemos que a erradica{\c{c}}{\~{a}}o da pobreza em todas as suas formas e dimens{\~{o}}es, incluindo a pobreza extrema, {\'{e}} o maior desafio global e um requisito indispens{\'{a}}vel para o desenvolvimento sustent{\'{a}}vel. Todos os pa{\'{i}}ses e todas as partes interessadas, atuando em parceria colaborativa, implementar{\~{a}}o este plano. Estamos decididos a libertar a ra{\c{c}}a humana da tirania da pobreza e da pen{\'{u}}ria e a curar e proteger o nosso planeta. Estamos determinados a tomar as medidas ousadas e transformadoras que s{\~{a}}o urgentemente necess{\'{a}}rias para direcionar o mundo para um caminho sustent{\'{a}}vel e resiliente. Ao embarcarmos nesta jornada coletiva, comprometemo-nos que ningu{\'{e}}m seja deixado para tr{\'{a}}s. Os 17 Objetivos de Desenvolvimento Sustent{\'{a}}vel e 169 metas que estamos anunciando hoje demonstram a escala e a ambi{\c{c}}{\~{a}}o desta nova Agenda universal. Eles se constroem sobre o legado dos Objetivos de Desenvolvimento do Mil{\^{e}}nio e concluir{\~{a}}o o que estes n{\~{a}}o conseguiram alcan{\c{c}}ar. Eles buscam concretizar os direitos humanos de todos e alcan{\c{c}}ar a igualdade de g{\^{e}}nero e o empoderamento das mulheres e meninas. Eles s{\~{a}}o integrados e indivis{\'{i}}veis, e equilibram as tr{\^{e}}s dimens{\~{o}}es do desenvolvimento sustent{\'{a}}vel: a econ{\^{o}}mica, a social e a ambiental.},
	author = {{UNIC Rio}},
	journal = {Centro de Informa{\c{c}}{\~{a}}o das Na{\c{c}}{\~{o}}es Unidas Rio de Janeiro},
	pages = {49},
	title = {{Transformando Nosso Mundo: A Agenda 2030 para o Desenvolvimento Sustent{\'{a}}vel Pre{\^{a}}mbulo}},
	url = {https://nacoesunidas.org/wp-content/uploads/2015/10/agenda2030-pt-br.pdf},
	year = {2015}
}

@article{Safari2019,
	author = {Safari, Zeinab and Zarandi, Mahmood Borhani and Nateghi, Mohamad Reza},
	doi = {10.1007/s11696-019-00818-6},
	file = {:home/moriya/.local/share/data/Mendeley Ltd./Mendeley Desktop/Downloaded/Safari, Zarandi, Nateghi - 2019 - Improved environmental stability of HTM free perovskite solar cells by a modified deposition route.pdf:pdf},
	issn = {2585-7290},
	journal = {Chemical Papers},
	month = {jun},
	publisher = {Springer Science and Business Media LLC},
	title = {{Improved environmental stability of HTM free perovskite solar cells by a modified deposition route}},
	year = {2019}
}

@article{Coutinho2006,
	abstract = {A new UNIQUAC based predictive local composition model is here compared against predictive Wilson and predictive modified UNIQUAC on their abilities to predict wax formation. For that purpose a very large database of phase equilibrium data of both synthetic and real hydrocarbon fluids, at both low and high pressures, will be used. It is shown that the new UNIQUAC model does not suffer from the limitations, or is much less affected by them, than the models previously proposed. The global description of the phase equilibrium for all the systems studied is also significantly superior to the two other models. {\textcopyright} 2006 Elsevier B.V. All rights reserved.},
	author = {Coutinho, Jo{\~{a}}o A.P. and Mirante, F{\'{a}}tima and Pauly, Jerome},
	doi = {10.1016/j.fluid.2006.06.002},
	file = {:home/moriya/Documentos/Mestrado em Sustentabilidade/DEFESA/Papers/A new predictive UNIQUAC for modeling of
	wax formation in hydrocarbon fluids, Fluid Phase Equilibria:},
	issn = {03783812},
	journal = {Fluid Phase Equilibria},
	keywords = {Crude,Diesel,High pressure,Solid-liquid equilibria,UNIQUAC,Wax},
	number = {1-2},
	pages = {8--17},
	title = {{A new predictive UNIQUAC for modeling of wax formation in hydrocarbon fluids}},
	volume = {247},
	year = {2006}
}
@article{Coutinho2005,
	abstract = {Aiming at identify the shortcomings of the available models for the description of the solid phase non-ideality, new solid liquid equilibrium data for multicomponent hydrocarbon systems was measured. The Predictive UNIQUAC and Wilson models for the description of the solid phase non-ideality, previously proposed, are here compared against this new data. The weaknesses displayed by these models on the predictive description of the measured phase behavior helps to identify their limitations and this is expected to lead to a new improved model for the solid phase non-ideality. Following this approach a new UNIQUAC based model is proposed that seems to overcome the limitations of the models identified on this work. {\textcopyright} 2005 Elsevier B.V. All rights reserved.},
	author = {Coutinho, Jo{\~{a}}o A.P. and Gon{\c{c}}alves, Carla and Marrucho, Isabel M. and Pauly, Jerome and Daridon, Jean Luc},
	doi = {10.1016/j.fluid.2005.04.007},
	file = {:home/moriya/Documentos/Mestrado em Sustentabilidade/DEFESA/Papers/Paraffin crystallization in synthetic mixtures$\backslash$: Predictive local composition models revisited.pdf:pdf},
	issn = {03783812},
	journal = {Fluid Phase Equilibria},
	keywords = {Modelling,Paraffin crystallization,Solid phase nonideality,Solid-liquid equilibria,Wax formation},
	number = {1},
	pages = {28--33},
	title = {{Paraffin crystallization in synthetic mixtures: Predictive local composition models revisited}},
	volume = {233},
	year = {2005}
}

@article{Costa2012,
	author = {Costa, M C and Boros, L A D and Batista, M L S and Coutinho, J A P and Kr{\"{a}}henb{\"{u}}hl, M A and Meirelles, Antonio J A},
	doi = {10.1016/j.fuel.2011.07.018},
	issn = {0016-2361},
	journal = {Fuel},
	keywords = {Cloud point,Fatty acid ethyl ester (FAEE),Ethyl pa},
	number = {1},
	pages = {177--181},
	publisher = {Elsevier Ltd},
	title = {{Phase diagrams of mixtures of ethyl palmitate with fatty acid ethyl esters}},
	url = {http://dx.doi.org/10.1016/j.fuel.2011.07.018},
	volume = {91},
	year = {2012}
}
@book{Sandlel,
	address = {Hoboken},
	author = {Sandler,Stanley I.},
	booktitle = {America},
	edition = {5 ed.},
	file = {:home/moriya/.local/share/data/Mendeley Ltd./Mendeley Desktop/Downloaded/Sandlel-, Iviiey, Sons - Unknown - Chemical, Biochemical, and Engineering Thermodynamics.pdf:pdf},
	isbn = {978-0-470-50479-6},
	pages = {999},
	publisher = {John Wiley {\&} Sons},
	title = {{Chemical, Biochemical, and Engineering Thermodynamics}},
	year = {2017}
}

@article{Imahara2006,
	abstract = {A thermodynamic study was made for binary mixture of various fatty acid methyl esters to establish a prediction model for the cloud point of actual biodiesel fuel from various feedstocks. When considering a eutectic system for ester mixture, measured values of cloud point were fitted well with a theoretical curve according to solid-liquid equilibria, even though an ideal solution was assumed. A simple model to agree with experimental results was, thus, proposed for predicting the cloud point of actual biodiesel. Through this study, it was found that cloud point of biodiesel could be determined only by the amount of saturated fatty acid methyl esters regardless of composition of unsaturated esters. {\textcopyright} 2006 Elsevier Ltd. All rights reserved.},
	author = {Imahara, Hiroaki and Minami, Eiji and Saka, Shiro},
	doi = {10.1016/j.fuel.2006.03.003},
	file = {:home/moriya/Documentos/Mestrado em Sustentabilidade/DEFESA/Papers/Thermodynamic study on cloud point of biodiesel with its fatty acid composition.pdf:pdf},
	issn = {00162361},
	journal = {Fuel},
	keywords = {Biodiesel,Cloud point,Fatty acid composition},
	number = {12-13},
	pages = {1666--1670},
	title = {{Thermodynamic study on cloud point of biodiesel with its fatty acid composition}},
	volume = {85},
	year = {2006}
}



@Manual{abnTeX22014b,
  Title                    = {A classe abntex2},
  Author                   = {abnTeX2 and Lauro C\'{e}sar Araujo},
  Organization             = {Equipe abnTeX2},
  Year                     = {2014},

  Bdsk-url-1               = {http://code.google.com/p/abntex2/wiki/Download},
  Pages                    = {46},
  Subtitle                 = {Documentos t\'{e}cnicos e cient\'{i}ficos brasileiros compat\'{i}veis com as normas ABNT},
  Timestamp                = {2014.09.27},
  Url                      = {http://abntex2.googlecode.com/},
  Urlaccessdate            = {12 de setembro de 2014}
}

@Manual{abnTeX22014d,
  Title                    = {O pacote abntex2cite},
  Author                   = {abnTeX2 and Lauro C\{\textquoteright}{e}sar Araujo},
  Organization             = {Equipe abnTeX2},
  Year                     = {2014},

  Bdsk-url-1               = {http://code.google.com/p/abntex2/wiki/Download},
  Pages                    = {91},
  Subtitle                 = {Estilos bibliogr\'{a}ficos compat\'{i}veis com a ABNT NBR 6023},
  Timestamp                = {2014.09.27},
  Url                      = {http://abntex2.googlecode.com/},
  Urlaccessdate            = {12 de setembro de 2014}
}

@Manual{abnTeX22014c,
  Title                    = {O pacote abntex2cite},
  Author                   = { Lauro C\'{e}sar Araujo and abnTeX2 },
  Organization             = {Equipe abnTeX2},
  Year                     = {2014},

  Bdsk-url-1               = {http://code.google.com/p/abntex2/wiki/Download},
  Pages                    = {23},
  Subtitle                 = {T\'{o}picos espec\'{i}ficos da ABNT NBR 10520:2002 e o estilo bibliogr\'{a}fico alfab\'{e}tico (sistema autor-data)},
  Timestamp                = {2014.09.27},
  Url                      = {http://abntex2.googlecode.com/},
  Urlaccessdate            = {12 de setembro de 2014}
}

@Book{Barbosa2004,
  Title                    = {Testando a utiliza{\c c}\~ao de ``et al.''},
  Author                   = {Carlos Barbosa and {Maria da} Silva Cardoso and {Tenitos da} Silva and Carminda Soares},
  Publisher                = {Editora},
  Year                     = {2004},
  Address                  = {Cidade},
  Edition                  = {2},
  Page                     = {5},
  Timestamp                = {2014.09.24}
}

@Misc{BibTeX2014,
  Title                    = {BibTeX.org},
  Author                   = {BibTeX},
  Year                     = {2014},
  Timestamp                = {2014.09.27},
  Url                      = {http://www.bibtex.org},
  Urlaccessdate            = {31 de julho de 2014}
}

@Book{Buerger1989,
  Title                    = {LaTeX for scientists and engineers},
  Author                   = {Buerger, David John},
  Publisher                = {McGraw-Hill},
  Year                     = {1989},
  Address                  = {Singapura},
  Timestamp                = {2014.09.27}
}

@Article{Carvalho2001,
  Title                    = {Intelig{\^e}ncia competitiva numa vis\~ao de futuro},
  Author                   = {Cl\{\textquoteright}{a}udia Carvalho and Jos\'{e} Fajardo and Joaquim Cruz},
  Journal                  = {DataGramaZero - Revista da Ci{\^e}ncia da Informa{\c c}\~ao},
  Year                     = {2001},
  Number                   = {3},
  Pages                    = {12--16},
  Volume                   = {2},
  Mounth                   = {junho},
  Subtitle                 = {proposta metodol\'{o}gica},
  Timestamp                = {2014.09.27}
}

@Book{Goossens2007,
  Title                    = {The LaTeX graphics companion},
  Author                   = {Goossens, Michel and Mittelbach, Frank and Rahtz, Sebastian and Roegel, Denis and Voss, Herbert},
  Publisher                = {Addison-Wesley},
  Year                     = {2007},
  Address                  = {Boston},
  Edition                  = {2},
  Timestamp                = {2014.09.27}
}

@Misc{IRL2014,
  Title                    = {Internet Research Laboratory},
  Author                   = {IRL},
  Year                     = {2014},
  Key                      = {IRL},
  Timestamp                = {2014.09.24},
  Url                      = {http://irl.cs.ucla.edu/topology},
  Urlaccessdate            = {8 de mar{\c c}o de 2014}
}

@Book{Kopka2003,
  Title                    = {Guide to LaTeX},
  Author                   = {Kopka, Helmut and Daly, Patrick W.},
  Publisher                = {Addison-Wesley},
  Year                     = {2003},
  Address                  = {Boston},
  Edition                  = {4},
  Timestamp                = {2014.09.27}
}

@Book{Lamport1986,
  Title                    = {LaTeX: a document preparation system},
  Author                   = {Lamport, Leslie},
  Publisher                = {Addison-Wesley},
  Year                     = {1986},
  Address                  = {Boston},
  Timestamp                = {2014.09.27}
}

@Misc{LaTeX2014,
  Title                    = {The LaTeX project},
  Author                   = {LaTeX},
  Year                     = {2014},
  Timestamp                = {2014.09.27},
  Url                      = {http://www.latex-project.org},
  Urlaccessdate            = {31 de julho de 2014}
}

@Book{Maturana2003,
  Title                    = {A \'{A}rvore do Conhecimento},
  Author                   = {Humberto R. Maturana and Francisco J. Varela},
  Publisher                = {Editora Palas Athena},
  Year                     = {2003},
  Address                  = {S\~ao Paulo},
  Edition                  = {3},
  Page                     = {283},
  Subtitle                 = {as bases biol\'{o}gicas da compreens\~{a}o humana},
  Timestamp                = {2014.09.27}
}

@Book{Mittelbach2004,
  Title                    = {The LaTeX companion},
  Author                   = {Mittelbach, Frank and Goossens, Michel and Braams, Johannes and Carlisle, David and Rowley, Chris},
  Publisher                = {Addison-Wesley},
  Year                     = {2004},
  Address                  = {Boston},
  Edition                  = {2},
  Timestamp                = {2014.09.27}
}

@PhdThesis{Neubert2001,
  Title                    = {Algoritmos Distribu\'{i}dos para a Constru{\c c}\~ao de Arquivos Invertidos},
  Author                   = {Marden Silveira Neubert},
  School                   = {Departamento de Computa{\c c}\~ao, Universidade Federal de Minas Gerais},
  Year                     = {2001},
  Address                  = {Belo Horizonte},
  Type                     = {Doutorado em Ci{\^e}ncia da Computa{\c c}\~ao},
  Pagename                 = {f.},
  Pages                    = {145},
  Timestamp                = {2014.09.26},
  Year-presented           = {Mar{\c c}o 2001}
}

@MastersThesis{Santos2003,
  Title                    = {Aspectos Conceituais e Arquiteturais para a Cria{\c c}\~ao de Linhagens de Agentes de Software Cognitivos e Situados},
  Author                   = {Bruno Andr\'{e} Santos},
  School                   = {Centro Federal de Educa{\c c}\~ao Tecnol\'{o}gica de Minas Gerais},
  Year                     = {2003},
  Address                  = {Belo Horizonte},
  Type                     = {Mestrado em Tecnologia -- Nome da \'{a}rea de concentra{\c c}\~ao},
  Key                      = {intelig{\^e}ncia artificial, agentes inteligentes, cogni{\c c}\~ao situada},
  Pagename                 = {f.},
  Pages                    = {130},
  Timestamp                = {2014.09.26},
  Year-presented           = {Junho 2003}
}

@Book{Silva2000,
  Title                    = {A Intelig{\^e}ncia da Complexidade},
  Author                   = {Silva, Joaquim and Souza, Jo\~ao {Luiz de}},
  Publisher                = {Editora Petr\'{o}polis},
  Year                     = {2000},

  Address                  = {S\~ao Paulo},

  Timestamp                = {2014.09.24}
}

@MastersThesis{Souza2012,
  Title                    = {Recupera{\c c}\~ao de V\'{i}deos Baseada em Conte\'{u}do em um Sistema de Informa{\c c}\~ao para Apoio \`{a} An\'{a}lise do Discurso Televisivo},
  Author                   = {Celso {Luiz de} Souza},
  School                   = {Centro Federal de Educa{\c c}\~ao Tecnol\'{o}gica de Minas Gerais},
  Year                     = {2012},
  Address                  = {Belo Horizonte},
  Type                     = {Mestrado em Modelagem Matem\'{a}tica e Computacional -- Sistemas Inteligentes},
  Pagename                 = {f.},
  Pages                    = {130},
  Timestamp                = {2014.09.26},
  Year-presented           = {Outubro 2011}
}

@Article{vanGELDER1998,
  Title                    = {Disentangling Dynamics, Computation and Cognition},
  Author                   = {Tim {van GELDER}},
  Journal                  = {Behavioral and Brain Sciences},
  Year                     = {1998},
  Pages                    = {40--47},
  Volume                   = {21},

  Key                      = {cognitive science, digital computer, dynamical hypothesis, dynamical system},
  Timestamp                = {2014.09.26}
}

@Manual{NBR14724:2011,
  Title                    = {{ABNT NBR} 14724},

  Address                  = {Rio de Janeiro},
  Month                    = mar,
  Organization             = {Associa{\c c}\~ao Brasileira de Normas T\'ecnicas},
  Year                     = {2011},

  Org-short                = {ABNT},
  Pages                    = {11},
  Subtitle                 = {Informa{\c c}\~ao e documenta{\c c}\~ao --- Trabalhos acad\^emicos --- Apresenta{\c c}\~ao},
  Timestamp                = {2014.09.27}
}

@Manual{NBR15287:2005,
  Title                    = {{ABNT NBR} 15287},
  Address                  = {Rio de Janeiro},
  Month                    = {dez.},
  Organization             = {Associa{\c c}\~ao Brasileira de Normas T\'ecnicas},
  Year                     = {2005},
  Org-short                = {ABNT},
  Pages                    = {6},
  Subtitle                 = {Informa{\c c}\~ao e documenta{\c c}\~ao --- Projeto de pesquisa --- Apresenta{\c c}\~ao},
  Timestamp                = {2014.09.27}
}

@Manual{NBR10520:2002,
  Title                    = {{NBR} 10520},

  Address                  = {Rio de Janeiro},
  Month                    = {ago.},
  Organization             = {Associa{\c c}\~ao Brasileira de Normas T\'ecnicas},
  Year                     = {2002},

  Org-short                = {ABNT},
  Pages                    = {7},
  Subtitle                 = {Informa{\c c}\~ao e documenta{\c c}\~ao --- Cita{\c c}\~oes em documentos --- Apresenta{\c c}\~ao},
  Timestamp                = {2014.09.27}
}

@Manual{NBR6023:2002,
  Title                    = {{NBR} 6023},
  Address                  = {Rio de Janeiro},
  Month                    = {ago.},
  Organization             = {Associa{\c c}\~ao Brasileira de Normas T\'ecnicas},
  Year                     = {2002},

  Org-short                = {ABNT},
  Pages                    = {24},
  Subtitle                 = {Informa{\c c}\~ao e documenta{\c c}\~ao --- Refer\^encias --- Elabora{\c c}\~ao},
  Timestamp                = {2014.09.27}
}
