%% This BibTeX bibliography file was created using BibDesk.
%% http://bibdesk.sourceforge.net/


%% Created for Lauro Cesar Araujo at 2015-04-27 19:43:45 -0300 


%% Saved with string encoding Unicode (UTF-8) 

@article{Costa2020,
	author = {Costa, Mariana C and Kr{\"{a}}henb{\"{u}}hl, M A and Ja, Antonio and Daridon, J L and Pauly, J and Coutinho, J A P},
	file = {:home/alex/.var/app/com.elsevier.MendeleyDesktop/data/data/Mendeley Ltd./Mendeley Desktop/Downloaded/Costa et al. - 2020 - Equil{\'{i}}brio s{\'{o}}lido-l{\'{i}}quido de alta press{\~{a}}o de {\'{a}}cidos graxos.pdf:pdf},
	keywords = {alta press{\~{a}}o,diagramas de fase,equil{\'{i}}brio s{\'{o}}lido-l{\'{i}}quido,modelagem,{\'{a}}cido capr{\'{i}}lico,{\'{a}}cido laurico,{\'{a}}cido mir{\'{i}}stico},
	number = {2007},
	pages = {118--123},
	title = {{Equil{\'{i}}brio s{\'{o}}lido-l{\'{i}}quido de alta press{\~{a}}o de {\'{a}}cidos graxos}},
	volume = {253},
	year = {2020}
}
@misc{latextikz,
	address = {L{\"{u}}beck},
	author = {Tantau, Till},
	institution = {Tantau {2020}},
	pages = {1318},
	publisher = {\LaTeX Project Public License},
	series = {Manuais \LaTeX},
	title = {{The TikZ and PGF Packages}},
	year = {2020}
}
@article{Cheng2020,
	abstract = {Heat effects of coal pyrolysis are seldomly studied in the past and the few studies available in the literature differ from each other. The problem perhaps arises from the unclear definition of thermal steady state of differential scanning calorimetry (DSC), the different effects of minerals in coals, and the different mass bases used to quantify the heat flows. This work studies the heat effects during pyrolysis of 15 acid washed coals (D-coals), ranked from lignite to anthracite, in the temperature range of 117–900 °C in a system that couples DSC with a thermal gravimetric analyzer (TGA) and a mass spectrometer (MS). The steady state criteria of DSC are studied. The heat effects studied include the total pyrolysis heat (sensible heat + reaction heat) and the reaction heat. It is found that the time needed to reach the steady state for DSC is longer than that for TGA. The in situ char pyrolysis following the coal pyrolysis involves mass loss and reaction heat, so its profile should not be used to estimate the thermal capacity of coal. The reaction heat on DTG basis (qr-DTG) correlates better with C% of coals than that on the initial coal basis, both of them are endothermic in the temperature range of <560 °C and turn to exothermic at higher temperatures. It is also found that the major endothermic qr-DTG occurs prior to the main DTG peak; the major exothermic qr-DTG occurs upon the completion of the main DTG peak, about 130 °C higher than the DTG peak temperature; the radical concentration of char increases with increasing temperature during the evolution of the main DTG peak, but starts to decrease at the completion of the main DTG peak, around 600 °C, and then diminishes at around 750 °C.},
	author = {Cheng, Xiaojie and Shi, Lei and Liu, Qingya and Liu, Zhenyu},
	doi = {10.1016/j.fuel.2020.117325},
	file = {:home/alex/.var/app/com.elsevier.MendeleyDesktop/data/data/Mendeley Ltd./Mendeley Desktop/Downloaded/Cheng et al. - 2020 - Heat effects of pyrolysis of 15 acid washed coals in a DSCTGA-MS system.pdf:pdf},
	issn = {00162361},
	journal = {Fuel},
	keywords = {Coal,DSC,Pyrolysis,Radicals,TG},
	number = {January},
	pages = {117325},
	publisher = {Elsevier},
	title = {{Heat effects of pyrolysis of 15 acid washed coals in a DSC/TGA-MS system}},
	url = {https://doi.org/10.1016/j.fuel.2020.117325},
	volume = {268},
	year = {2020}
}
@article{Dias2020,
	author = {Dias, Rafael Macedo and Aquino, Rafael Thomaz and Costa, Concei{\c{c}}{\~{a}}o and Kr{\"{a}}henb{\"{u}}hl, Maria Alvina},
	file = {:home/alex/.var/app/com.elsevier.MendeleyDesktop/data/data/Mendeley Ltd./Mendeley Desktop/Downloaded/Dias et al. - 2020 - Ponto de inflama{\c{c}}{\~{a}}o de misturas bin{\'{a}}rias de {\'{e}}ster met{\'{i}}lico de {\'{a}}cido graxo.pdf:pdf},
	pages = {1--14},
	title = {{Ponto de inflama{\c{c}}{\~{a}}o de misturas bin{\'{a}}rias de {\'{e}}ster met{\'{i}}lico de {\'{a}}cido graxo}},
	year = {2020}
}
@incollection{nist2020,
	address = {Gaithersburg},
	booktitle = {NIST},
	organization = {National Institute of Standards and Tecnology},
	title = {{NIST Livro de Qu{\'{i}}mica na Web SRD 69}},
	url = {https://webbook.nist.gov/chemistry/},
	year = {2020}
}
@article{Mailhe2020,
	abstract = {A dynamic calorimetric method based on infrared thermography has been used for the phase diagram estimation of binary systems of fatty organic materials. Its promising results make of this innovative method an interesting asset in applications with time constraints. In order to provide a calorimetry method with satisfactory performance and the lowest time consumption and cost, a test campaign is undergoing. This campaign aims at evaluating the influence of operating conditions on the performances of the method. In that frame, the phase diagrams estimated using a high-end photon detector and a low-cost microbolometer are compared. The assessment of the accuracy and reliability of phase transitions detection is made based on the study of 4 binary systems of fatty acids and fatty alcohols. Differential scanning calorimetry is used for the validation of the experimental phase diagram, and further works are identified in the light of innovative data obtained using the infrared thermography method.},
	author = {Mailh{\'{e}}, Cl{\'{e}}ment and Duquesne, Marie},
	doi = {10.1007/s10973-020-09287-6},
	file = {:home/alex/.var/app/com.elsevier.MendeleyDesktop/data/data/Mendeley Ltd./Mendeley Desktop/Downloaded/Mailh{\'{e}}, Duquesne - 2020 - A fast and low-cost dynamic calorimetric method for phase diagram estimation of binary systems.pdf:pdf},
	isbn = {0123456789},
	issn = {15882926},
	journal = {Journal of Thermal Analysis and Calorimetry},
	keywords = {Fatty organic materials,Infrared thermography,Phase diagram,Phase transitions,Screening},
	number = {0123456789},
	publisher = {Springer International Publishing},
	title = {{A fast and low-cost dynamic calorimetric method for phase diagram estimation of binary systems}},
	url = {https://doi.org/10.1007/s10973-020-09287-6},
	year = {2020}
}
@article{Daniele2020,
	author = {Daniele, Nat{\'{a}}lia and Carareto, Dorighello and Pauly, J{\'{e}}r{\^{o}}me and Costa, Mariana Concei{\c{c}}{\~{a}}o and Jos{\'{e}}, Antonio and Meirelles, Almeida},
	file = {:home/alex/.var/app/com.elsevier.MendeleyDesktop/data/data/Mendeley Ltd./Mendeley Desktop/Downloaded/Daniele et al. - 2020 - Equil{\'{i}}brio s{\'{o}}lido-l{\'{i}}quido de alta press{\~{a}}o de {\'{a}}lcoois graxos bin{\'{a}}rios Octadecanol.pdf:pdf},
	keywords = {1,de 1,dodecanol,hexadecanol e 1-,tetradecanol},
	pages = {1--14},
	title = {{Equil{\'{i}}brio s{\'{o}}lido-l{\'{i}}quido de alta press{\~{a}}o de {\'{a}}lcoois graxos bin{\'{a}}rios Octadecanol}},
	year = {2020}
}
@misc{latexchemformula,
	address = {Herrenberg},
	author = {Niederberger, Clemens},
	institution = {Niederberger {2020}},
	pages = {38},
	publisher = {\LaTeX-project.org},
	series = {Manuais \LaTeX},
	title = {{Chemformula}},
	url = {https://www.ctan.org/pkg/chemformula},
	year = {2020}
}
@article{Safari2019,
	author = {Safari, Zeinab and Zarandi, Mahmood Borhani and Nateghi, Mohamad Reza},
	doi = {10.1007/s11696-019-00818-6},
	issn = {2585-7290},
	journal = {Chemical Papers},
	month = {jun},
	publisher = {Springer Science and Business Media LLC},
	title = {{Improved environmental stability of HTM free perovskite solar cells by a modified deposition route}},
	year = {2019}
}
@article{Moudjari2019,
	abstract = {Solid-liquid phase equilibria data for various systems were predicted using the modified group contribution NRTL equation (GC-NRTL). A priori a previous NRTL group interaction parameters matrix was completed by introducing new groups involved in oxygenated (HCO), nitroginated (HCN, HCNO) and chlorinated (HC–Cl) systems, by minimizing a well defined objective function defined in terms of the sum of the squared differences between the calculated solubility values and the corresponding experimental ones reported in the literature. A sequential approach was adopted consisting of using the already determined group interaction parameters in the determination of those between new involved groups. Solid-liquid phase equilibria for systems not involved in the interaction parameters calculation were predicted by means of the modified GC-NRTL model, including the determination of the eutectic points. A quite good agreement was obtained between the predicted results and the corresponding reported experimental values.},
	author = {Moudjari, Youcef and Louaer, Wahida and Meniai, Abdeslam Hassen},
	doi = {10.1016/j.fluid.2019.03.021},
	file = {:home/alex/.var/app/com.elsevier.MendeleyDesktop/data/data/Mendeley Ltd./Mendeley Desktop/Downloaded/Moudjari, Louaer, Meniai - 2019 - Modeling of solid-liquid equilibrium using a modified group contribution based NRTL model.pdf:pdf},
	issn = {03783812},
	journal = {Fluid Phase Equilibria},
	keywords = {Eutectic,GC-NRTL,Group-contribution method,Interaction parameters,Liquid-solid equilibrium},
	pages = {118--136},
	publisher = {Elsevier Ltd},
	title = {{Modeling of solid-liquid equilibrium using a modified group contribution based NRTL model}},
	url = {https://doi.org/10.1016/j.fluid.2019.03.021},
	volume = {492},
	year = {2019}
}
@article{Muller2019,
	abstract = {The new predictive electrolyte model COSMO-RS-ES is evaluated and refined for the calculation of solubilities of salts in mixed solvent systems. It is demonstrated that the model is capable of predicting solid-liquid equilibria at 25 °C for ammonium and alkali metal salts quite accurately in a wide variety of solvent mixtures. Furthermore, through the introduction of Gibbs free energies of transfer of single ions it is shown that the model performance can be improved even further. This new data type also allows for an ion-specific way of evaluating the model for the first time. For some systems when calculating the solubility, larger deviations are observed, but for the vast majority of systems the model delivers good predictions. This shows that COSMO-RS-ES is a valuable tool for calculation of phase equilibria in electrolyte systems especially when the scarcity of data impede the application of models that require a higher number of parameters.},
	author = {M{\"{u}}ller, Simon and {Gonz{\'{a}}lez de Castilla}, Andr{\'{e}}s and Taeschler, Christoph and Klein, Andreas and Smirnova, Irina},
	doi = {10.1016/j.fluid.2018.10.023},
	issn = {03783812},
	journal = {Fluid Phase Equilibria},
	keywords = {COSMO-RS,COSMO-RS-ES,Electrolyte systems,Phase equilibria modelling,Solid-liquid equilibria},
	pages = {165--174},
	title = {{Evaluation and refinement of the novel predictive electrolyte model COSMO-RS-ES based on solid-liquid equilibria of salts and Gibbs free energies of transfer of ions}},
	volume = {483},
	year = {2019}
}


@book{ibge1993,
	Address = {Rio de Janeiro},
	Author = {IBGE},
	Date-Added = {2013-08-21 13:56:10 +0000},
	Date-Modified = {2013-08-21 13:56:10 +0000},
	Edition = {3},
	Organization = {http://biblioteca.ibge.gov.br/visualizacao/livros/liv23907.pdf},
	Publisher = {Centro de Documenta{\c c}{\~a}o e Dissemina{\c c}{\~a}o de Informa{\c c}{\~o}es. Funda{\c c}{\~a}o Intituto Brasileiro de Geografia e Estat{\'\i}stica},
	Title = {Normas de apresenta{\c c}{\~a}o tabular},
	Urlaccessdate = {21 ago 2013},
	Year = {1993}}

@misc{abntex2-wiki-como-customizar,
	Author = {Lauro C{\'e}sar Araujo},
	Date-Added = {2013-03-23 21:39:21 +0000},
	Date-Modified = {2015-04-27 22:43:06 +0000},
	Howpublished = {Wiki do abnTeX2},
	Keywords = {wiki},
	Title = {Como customizar o abnTeX2},
	Url = {https://github.com/abntex/abntex2/wiki/ComoCustomizar},
	Urlaccessdate = {27 abr 2015},
	Year = {2015},
	Bdsk-Url-1 = {https://github.com/abntex/abntex2/wiki/ComoCustomizar}}

@manual{talbot2012,
	Author = {Nicola L.C. Talbot},
	Date-Added = {2013-03-11 12:06:04 +0000},
	Date-Modified = {2013-03-11 12:06:56 +0000},
	Month = {Nov.},
	Title = {User Manual for glossaries.sty},
	Url = {http://mirrors.ctan.org/macros/latex/contrib/glossaries/glossaries-user.pdf},
	Urlaccessdate = {11 mar. 2013},
	Year = {2012},
	Bdsk-Url-1 = {http://mirrors.ctan.org/macros/latex/contrib/glossaries/glossaries-user.pdf}}

@manual{babel,
	Author = {Johannes Braams},
	Date-Added = {2013-02-17 13:37:14 +0000},
	Date-Modified = {2013-02-17 13:38:38 +0000},
	Month = {Apr.},
	Title = {Babel, a multilingual package for use with LATEX's standard document classes},
	Url = {http://mirrors.ctan.org/info/babel/babel.pdf},
	Urlaccessdate = {17 fev. 2013},
	Year = {2008},
	Bdsk-Url-1 = {http://mirrors.ctan.org/info/babel/babel.pdf}}

@manual{abntex2modelo-artigo,
	Annote = {Este documento {\'e} derivado do \cite{abnt-bibtex-doc}},
	Author = {Lauro C{\'e}sar Araujo},
	Date-Added = {2013-01-15 00:10:35 +0000},
	Date-Modified = {2015-04-27 22:43:13 +0000},
	Organization = {Equipe abnTeX2},
	Title = {Modelo Can{\^o}nico de Artigo Cient{\'\i}fico com abnTeX2},
	Url = {http://www.abntex.net.br/},
	Year = {2015},
	Bdsk-Url-1 = {http://www.abntex.net.br/}}

@manual{abntex2modelo-relatorio,
	Annote = {Este documento {\'e} derivado do \cite{abnt-bibtex-doc}},
	Author = {Lauro C{\'e}sar Araujo},
	Date-Added = {2013-01-15 00:05:34 +0000},
	Date-Modified = {2015-04-27 22:43:18 +0000},
	Organization = {Equipe abnTeX2},
	Title = {Modelo Can{\^o}nico de Relat{\'o}rio T{\'e}cnico e/ou Cient{\'\i}fico com abnTeX2},
	Url = {http://www.abntex.net.br/},
	Year = {2015},
	Bdsk-Url-1 = {http://www.abntex.net.br/}}

@manual{abntex2modelo,
	Annote = {Este documento {\'e} derivado do \cite{abnt-bibtex-doc}},
	Author = {Lauro C{\'e}sar Araujo},
	Date-Added = {2013-01-12 22:55:32 +0000},
	Date-Modified = {2015-04-27 22:43:32 +0000},
	Organization = {Equipe abnTeX2},
	Title = {Modelo Can{\^o}nico de Trabalho Acad{\^e}mico com abnTeX2},
	Url = {http://www.abntex.net.br/},
	Year = {2015},
	Bdsk-Url-1 = {http://www.abntex.net.br/}}

@mastersthesis{araujo2012,
	Address = {Bras{\'\i}lia},
	Author = {Lauro C{\'e}sar Araujo},
	Date-Added = {2013-01-09 11:04:42 +0000},
	Date-Modified = {2013-01-09 11:04:42 +0000},
	Month = {mar.},
	School = {Universidade de Bras{\'\i}lia},
	Subtitle = {uma perspectiva de {A}rquitetura da {I}nforma{\c c}{\~a}o da {E}scola de {B}ras{\'\i}lia},
	Title = {Configura{\c c}{\~a}o},
	Year = {2012}}

@manual{memoir,
	Address = {Normandy Park, WA},
	Author = {Peter Wilson and Lars Madsen},
	Date-Added = {2013-01-09 10:37:50 +0000},
	Date-Modified = {2013-03-21 13:23:25 +0000},
	Organization = {The Herries Press},
	Title = {The Memoir Class for Configurable Typesetting - User Guide},
	Url = {http://mirrors.ctan.org/macros/latex/contrib/memoir/memman.pdf},
	Urlaccessdate = {19 dez. 2012},
	Year = {2010},
	Bdsk-Url-1 = {http://ctan.tche.br/macros/latex/contrib/memoir/memman.pdf}}

@manual{abntex2cite-alf,
	Annote = {Este documento {\'e} derivado do \cite{abnt-bibtex-alf-doc}},
	Author = {Lauro C{\'e}sar Araujo},
	Date-Added = {2013-01-09 10:37:45 +0000},
	Date-Modified = {2015-04-27 22:43:44 +0000},
	Organization = {Equipe abnTeX2},
	Title = {O pacote abntex2cite: t{\'o}picos espec{\'\i}ficos da ABNT NBR 10520:2002 e o estilo bibliogr{\'a}fico alfab{\'e}tico (sistema autor-data)},
	Url = {http://www.abntex.net.br/},
	Year = {2015},
	Bdsk-Url-1 = {http://www.abntex.net.br/}}

@manual{abntex2cite,
	Annote = {Este documento {\'e} derivado do \cite{abnt-bibtex-doc}},
	Author = {Lauro C{\'e}sar Araujo},
	Date-Added = {2013-01-09 10:37:45 +0000},
	Date-Modified = {2015-04-27 22:43:38 +0000},
	Organization = {Equipe abnTeX2},
	Title = {O pacote abntex2cite: Estilos bibliogr{\'a}ficos compat{\'\i}veis com a ABNT NBR 6023},
	Url = {http://www.abntex.net.br/},
	Year = {2015},
	Bdsk-Url-1 = {http://www.abntex.net.br/}}

@manual{abntex2classe,
	Author = {Lauro C{\'e}sar Araujo},
	Date-Added = {2013-01-09 10:37:38 +0000},
	Date-Modified = {2015-04-27 22:42:47 +0000},
	Organization = {Equipe abnTeX2},
	Title = {A classe abntex2: Modelo can{\^o}nico de trabalhos acad{\^e}micos brasileiros compat{\'\i}vel com as normas ABNT NBR 14724:2011, ABNT NBR 6024:2012 e outras},
	Url = {http://www.abntex.net.br/},
	Year = {2015},
	Bdsk-Url-1 = {http://www.abntex.net.br/}}

@manual{NBR10520:2002,
	Address = {Rio de Janeiro},
	Date-Added = {2012-12-15 21:43:38 +0000},
	Date-Modified = {2013-01-12 22:17:20 +0000},
	Month = {ago.},
	Org-Short = {ABNT},
	Organization = {Associa{\c c}\~ao Brasileira de Normas T\'ecnicas},
	Pages = 7,
	Subtitle = {Informa{\c c}\~ao e documenta{\c c}\~ao --- Apresenta{\c c}\~ao de cita{\c c}\~oes em documentos},
	Title = {{NBR} 10520},
	Year = 2002}

@manual{NBR6024:2012,
	Address = {Rio de Janeiro},
	Date-Added = {2012-12-15 21:24:06 +0000},
	Date-Modified = {2012-12-15 21:24:28 +0000},
	Month = {fev.},
	Org-Short = {ABNT},
	Organization = {Associa{\c c}\~ao Brasileira de Normas T\'ecnicas},
	Pages = 4,
	Subtitle = {Numera{\c c}\~ao progressiva das se{\c c}\~oes de um documento},
	Title = {{NBR} 6024},
	Year = 2012}

@manual{NBR6028:2003,
	Address = {Rio de Janeiro},
	Date-Added = {2012-12-15 21:02:12 +0000},
	Date-Modified = {2012-12-15 21:02:50 +0000},
	Month = {nov.},
	Org-Short = {ABNT},
	Organization = {Associa{\c c}\~ao Brasileira de Normas T\'ecnicas},
	Pages = 2,
	Subtitle = {Resumo - Apresenta{\c c}{\~a}o},
	Title = {{NBR} 6028},
	Year = 2003}

@manual{NBR14724:2001,
	Address = {Rio de Janeiro},
	Date-Added = {2012-12-15 20:34:08 +0000},
	Date-Modified = {2012-12-15 20:34:08 +0000},
	Month = {jul.},
	Org-Short = {ABNT},
	Organization = {Associa{\c c}\~ao Brasileira de Normas T\'ecnicas},
	Pages = 6,
	Subtitle = {Informa{\c c}\~ao e documenta{\c c}\~ao --- trabalhos acad\^emicos --- apresenta{\c c}\~ao},
	Title = {{NBR} 14724},
	Year = 2001}

@manual{NBR14724:2002,
	Address = {Rio de Janeiro},
	Date-Added = {2012-12-15 20:34:17 +0000},
	Date-Modified = {2012-12-15 20:34:17 +0000},
	Month = {ago.},
	Org-Short = {ABNT},
	Organization = {Associa{\c c}\~ao Brasileira de Normas T\'ecnicas},
	Pages = 6,
	Subtitle = {Informa{\c c}\~ao e documenta{\c c}\~ao --- trabalhos acad\^emicos --- apresenta{\c c}\~ao},
	Title = {{NBR} 14724},
	Year = 2002}

@manual{NBR14724:2005,
	Address = {Rio de Janeiro},
	Date-Added = {2012-12-15 20:34:08 +0000},
	Date-Modified = {2012-12-15 20:35:25 +0000},
	Month = {dez.},
	Org-Short = {ABNT},
	Organization = {Associa{\c c}\~ao Brasileira de Normas T\'ecnicas},
	Pages = 9,
	Subtitle = {Informa{\c c}\~ao e documenta{\c c}\~ao --- trabalhos acad\^emicos --- apresenta{\c c}\~ao},
	Title = {{NBR} 14724},
	Year = 2005}

@manual{NBR14724:2011,
	Address = {Rio de Janeiro},
	Date-Added = {2012-12-15 20:34:08 +0000},
	Date-Modified = {2012-12-15 20:35:25 +0000},
	Month = {mar.},
	Note = {Substitui a Ref.~\citeonline{NBR14724:2005}},
	Org-Short = {ABNT},
	Organization = {Associa{\c c}\~ao Brasileira de Normas T\'ecnicas},
	Pages = 15,
	Subtitle = {Informa{\c c}\~ao e documenta{\c c}\~ao --- trabalhos acad\^emicos --- apresenta{\c c}\~ao},
	Title = {{NBR} 14724},
	Year = 2011}

@article{van86,
	Author = {{van}, Gigch, John P. and Leo L. Pipino},
	Journal = {Future Computing Systems},
	Number = {1},
	Pages = {71-97},
	Title = {In search for a paradigm for the discipline of information systems},
	Volume = {1},
	Year = {1986}}

@phdthesis{guizzardi2005,
	Address = {Enschede, The Netherlands},
	Author = {Giancarlo Guizzardi},
	Date-Added = {2012-04-23 11:35:28 +0000},
	Date-Modified = {2012-04-23 11:35:28 +0000},
	School = {Centre for Telematics and Information Technology, University of Twente},
	Title = {Ontological Foundations for Structural Conceptual Models},
	Url = {http://www.loa.istc.cnr.it/Guizzardi/SELMAS-CR.pdf},
	Urlaccessdate = {3 jul. 2011},
	Year = {2005},
	Bdsk-Url-1 = {http://www.loa.istc.cnr.it/Guizzardi/SELMAS-CR.pdf}}

@mastersthesis{macedo2005,
	Author = {Fl{\'a}via L. Macedo},
	Date-Added = {2012-04-23 11:35:13 +0000},
	Date-Modified = {2012-04-23 11:35:13 +0000},
	Keywords = {arquitetura da informa{\c c}{\~a}o},
	School = {Universidade de Bras{\'\i}lia},
	Title = {Arquitetura da Informa{\c c}{\~a}o: aspectos espistemol{\'o}gicos, cient{\'\i}ficos e pr{\'a}ticos.},
	Type = {Disserta{\c c}{\~a}o de Mestrado},
	Year = {2005}}

@manual{EIA649B,
	Address = {EUA},
	Date-Added = {2012-04-23 11:34:59 +0000},
	Date-Modified = {2012-04-23 11:34:59 +0000},
	Keywords = {norma},
	Month = {June},
	Organization = {TechAmerica},
	Title = {ANSI/EIA 649-B: Configuration Management Standard},
	Year = {2011}}

@inproceedings{masolo2010,
	Author = {Claudio Masolo},
	Booktitle = {Proceedings of the Twelfth International Conference on the Principles of Knowledge Representation and Reasoning (KR 2010)},
	Date-Added = {2012-04-23 11:34:38 +0000},
	Date-Modified = {2012-04-23 11:34:38 +0000},
	Editor = {Lin, F. and Sattler, U.},
	Pages = {258-268},
	Publisher = {AAAI Press},
	Title = {Understanding Ontological Levels},
	Url = {http://wiki.loa-cnr.it/Papers/kr10v0.7.pdf},
	Urlaccessdate = {2 jan. 2012},
	Year = {2010},
	Bdsk-Url-1 = {http://wiki.loa-cnr.it/Papers/kr10v0.7.pdf}}

@inbook{guarino1995,
	Address = {Vienna},
	Author = {Nicola Guarino},
	Booktitle = {Philosophy and the Cognitive Science},
	Date-Added = {2012-04-23 11:34:29 +0000},
	Date-Modified = {2012-04-23 11:34:29 +0000},
	Editor = {R. Casati and B. Smith and G. White},
	Month = {Sept.},
	Pages = {443-456},
	Publisher = {Holder-Pivhler-Tempsky},
	Title = {The Ontological Level},
	Url = {http://wiki.loa-cnr.it/Papers/OntLev.pdf},
	Urlaccessdate = {2 jan. 2012},
	Year = {1995},
	Bdsk-Url-1 = {http://wiki.loa-cnr.it/Papers/OntLev.pdf}}

@incollection{bates2010,
	Address = {New York},
	Author = {Marcia J. Bates},
	Booktitle = {Encyclopedia of Library and Information Sciences},
	Date-Added = {2012-04-23 11:34:29 +0000},
	Date-Modified = {2012-04-23 11:34:29 +0000},
	Edition = {3rd},
	Editor = {Marcia J. Bates and Mary Niles Maack},
	Pages = {2347-2360},
	Publisher = {CRC Press},
	Title = {Information},
	Url = {http://pages.gseis.ucla.edu/faculty/bates/articles/information.html},
	Urlaccessdate = {24 out. 2011},
	Volume = {3},
	Year = {2010},
	Bdsk-Url-1 = {http://pages.gseis.ucla.edu/faculty/bates/articles/information.html}}

@book{doxiadis1965,
	Author = {Constantinos A. Doxiadis},
	Date-Added = {2012-04-23 11:34:20 +0000},
	Date-Modified = {2012-04-23 11:34:20 +0000},
	Publisher = {Ceira - Coimbra},
	Title = {Arquitetura em Transi{\c c}{\~a}o},
	Year = {1965}}

@book{dewey1980,
	Address = {New York, NY, USA},
	Author = {John Dewey},
	Date-Added = {2012-04-23 11:34:16 +0000},
	Date-Modified = {2012-04-23 11:34:16 +0000},
	Publisher = {Perigee Books},
	Title = {Art as Experience},
	Year = {1980}}
